20161118,02:14:23,,,,,,5332.1,,,,,,,
20161118,02:14:23,,,,,,,,,,,,,5344
20161118,02:14:34.142,,,,,,5332.2,,,,,,,
20161118,02:14:38.142,,,,,,,,,,,,,5349
20161118,02:14:38.142,,,,,,,,,,,,,5363.9
20161118,02:14:43.147,,,,,,5332.1,,,,,,,
20161118,02:14:43.147,,,,,,5332.3,,,,,,,
20161118,02:14:48.144,,,,,,5332.2,,,,,,,
20161118,02:21:31,,,,,,5335.2,,,,,,,
20161118,02:21:31,,,,,,,,,,,,,5348.8
20161118,02:21:32.512,,,,,,5335.5,,,,,,,
20161118,02:21:34.505,,,,,,,,,,,,,5348.8
20161118,02:21:37.504,,,,,,5335.2,,,,,,,
20161118,02:21:38.508,,,,,,5335.6,,,,,,,
20161118,02:21:39.516,,,,,,,,,,,,,5348.8
20161118,02:21:41.548,,,,,,5342,,,,,,,
20161118,02:21:44.583,,,,,,5335.6,,,,,,,
20161118,02:21:46.612,,,,,,,,,,,,,5348.8
20161118,02:21:47.612,,,,,,,,,,,,,5351
20161118,02:21:47.612,,,,,,,,,,,,,5349
20161118,02:21:47.612,,,,,,,,,,,,,5349
20161118,02:21:47.612,,,,,,,,,,,,,5347
20161118,02:21:49.626,,,,,,,,,,,,,5389.9
20161118,02:21:49.626,,,,,,,,,,,,,5379.9
20161118,02:21:51.630,,,,,,5333.4,,,,,,,
20161118,02:21:51.630,,,,,,5335.7,,,,,,,
20161118,02:21:55.632,,,,,,5335.1,,,,,,,
20161118,02:21:55.632,,,,,,5335.6,,,,,,,
20161118,02:21:59.633,,,,,,,,,,,,,5348.8
20161118,02:21:59.633,,,,,,,,,,,,,5346.9
20161118,02:22:02.655,,,,,,5335.5,,,,,,,
20161118,02:22:05.629,,,,,,5335.6,,,,,,,
20161118,02:22:05.629,,,,,,5335.8,,,,,,,
20161118,02:22:15.655,,,,,,5342,,,,,,,
20161118,02:22:15.655,,,,,,,,,,,,,5348.8
20161118,02:22:19.634,,,,,,,,,,,,,5350
20161118,02:22:21.636,,,,,,5335.7,,,,,,,
20161118,02:22:21.636,,,,,,5335.9,,,,,,,
20161118,02:22:22.651,,,,,,,,,,,,,5346.8
20161118,02:22:25.633,,,,,,,,,,,,,5347
20161118,02:22:25.633,,,,,,,,,,,,,5345
20161118,02:22:26.633,,,,,,5336,,,,,,,
20161118,02:22:31.636,,,,,,,,,,,,,5346.7
20161118,02:22:34.632,,,,,,,,,,,,,5346.9
20161118,02:22:39.633,,,,,,5335.8,,,,,,,
20161118,02:22:39.633,,,,,,5336.1,,,,,,,
20161118,02:22:39.633,,,,,,,,,,,,,5346.7
20161118,02:22:41.631,,,,,,5335.9,,,,,,,
20161118,02:22:41.631,,,,,,5336.1,,,,,,,
20161118,02:22:45.635,,,,,,5336.1,,,,,,,
20161118,02:22:45.635,,,,,,5336.2,,,,,,,
20161118,02:22:50.633,,,,,,,,,,,,,5348.9
20161118,02:22:50.633,,,,,,,,,,,,,5349
20161118,02:22:53.713,,,,,,5330,,,,,,,
20161118,02:22:53.713,,,,,,5332,,,,,,,
20161118,02:22:54.634,,,,,,,,,,,,,5353
20161118,02:22:55.635,,,,,,,,,,,,,5354
20161118,02:22:55.635,,,,,,,,,,,,,5353
20161118,02:22:55.635,,,,,,,,,,,,,5354
20161118,02:22:56.634,,,,,,,,,,,,,5481
20161118,02:22:56.634,,,,,,,,,,,,,5477
20161118,02:22:56.634,,,,,,,,,,,,,5353
20161118,02:22:56.634,,,,,,,,,,,,,5481
20161118,02:22:57.637,,,,,,,,,,,,,5354
20161118,02:22:57.637,,,,,,,,,,,,,5477
20161118,02:22:57.637,,,,,,,,,,,,,5354
20161118,02:22:58.628,,,,,,5336,,,,,,,
20161118,02:22:58.628,,,,,,5336.5,,,,,,,
20161118,02:22:58.628,,,,,,,,,,,,,5353
20161118,02:22:58.628,,,,,,,,,,,,,5480.3
20161118,02:22:58.628,,,,,,,,,,,,,5480.3
20161118,02:22:58.628,,,,,,,,,,,,,5345
20161118,02:22:58.628,,,,,,,,,,,,,5343.5
20161118,02:22:59.633,,,,,,,,,,,,,5353
20161118,02:22:59.633,,,,,,,,,,,,,5354
20161118,02:23:00.634,,,,,,,,,,,,,5353
20161118,02:23:00.634,,,,,,,,,,,,,5354
20161118,02:23:01.638,,,,,,5336.1,,,,,,,
20161118,02:23:01.638,,,,,,5330.1,,,,,,,
20161118,02:23:01.638,,,,,,,,,,,,,5480.3
20161118,02:23:01.638,,,,,,,,,,,,,5480.3
20161118,02:23:02.663,,,,,,5332,,,,,,,
20161118,02:23:02.663,,,,,,5330,,,,,,,
20161118,02:23:03.636,,,,,,,,,,,,,5363.5
20161118,02:23:04.634,,,,,,,,,,,,,5343.5
20161118,02:23:04.634,,,,,,,,,,,,,5346.8
20161118,02:23:11.633,,,,,,5336.2,,,,,,,
20161118,02:23:11.633,,,,,,5336.6,,,,,,,
20161118,02:23:11.633,,,,,,,,,,,,,5353
20161118,02:23:12.672,,,,,,,,,,,,,5353
20161118,02:23:12.672,,,,,,,,,,,,,5354
20161118,02:23:13.669,,,,,,,,,,,,,5346.8
20161118,02:23:23.723,,,,,,,,,,,,,5348.9
20161118,02:23:24.742,,,,,,,,,,,,,5349.9
20161118,02:23:25.747,,,,,,,,,,,,,5363.5
20161118,02:23:28.755,,,,,,,,,,,,,5367.2
20161118,02:23:29.756,,,,,,,,,,,,,5380.7
20161118,02:23:29.756,,,,,,,,,,,,,5354
20161118,02:23:29.756,,,,,,,,,,,,,5350
20161118,02:23:29.756,,,,,,,,,,,,,5354
20161118,02:23:30.759,,,,,,,,,,,,,5350
20161118,02:23:30.759,,,,,,,,,,,,,5477.8
20161118,02:23:30.759,,,,,,,,,,,,,5354
20161118,02:23:31.762,,,,,,,,,,,,,5355
20161118,02:23:31.762,,,,,,,,,,,,,5477.8
20161118,02:23:31.762,,,,,,,,,,,,,5474.1
20161118,02:23:32.770,,,,,,,,,,,,,5355
20161118,02:23:32.770,,,,,,,,,,,,,5354
20161118,02:23:32.770,,,,,,,,,,,,,5474.1
20161118,02:23:32.770,,,,,,,,,,,,,5470.5
20161118,02:23:33.759,,,,,,,,,,,,,5354
20161118,02:23:33.759,,,,,,,,,,,,,5350
20161118,02:23:33.759,,,,,,,,,,,,,5470.5
20161118,02:23:33.759,,,,,,,,,,,,,5349.8
20161118,02:23:34.763,,,,,,,,,,,,,5467.4
20161118,02:23:34.763,,,,,,,,,,,,,5354
20161118,02:23:34.763,,,,,,,,,,,,,5350
20161118,02:23:35.760,,,,,,,,,,,,,5463.7
20161118,02:23:35.760,,,,,,,,,,,,,5467.4
20161118,02:23:35.760,,,,,,,,,,,,,5354
20161118,02:23:35.760,,,,,,,,,,,,,5350
20161118,02:23:36.757,,,,,,5330,,,,,,,
20161118,02:23:36.757,,,,,,5326.5,,,,,,,
20161118,02:23:36.757,,,,,,,,,,,,,5463.7
20161118,02:23:37.763,,,,,,5329.8,,,,,,,
20161118,02:23:37.763,,,,,,5318,,,,,,,
20161118,02:23:37.763,,,,,,5326.5,,,,,,,
20161118,02:23:38.758,,,,,,5329.8,,,,,,,
20161118,02:23:38.758,,,,,,5318,,,,,,,
20161118,02:23:38.758,,,,,,5326.5,,,,,,,
20161118,02:23:38.758,,,,,,5326.5,,,,,,,
20161118,02:23:39.763,,,,,,5318,,,,,,,
20161118,02:23:43.755,,,,,,,,,,,,,5350
20161118,02:23:44.966,,,,,,5318,,,,,,,
20161118,02:23:44.966,,,,,,5330,,,,,,,
20161118,02:23:44.966,,,,,,,,,,,,,5354
20161118,02:23:45.961,,,,,,,,,,,,,5346.8
20161118,02:24:06.015,,,,,,,,,,,,,5363.5
20161118,02:24:06.015,,,,,,,,,,,,,5346.8
20161118,02:24:07.018,,,,,,5337,,,,,,,
20161118,02:24:15.087,,,,,,,,,,,,,5354
20161118,02:24:15.087,,,,,,,,,,,,,5350
20161118,02:24:16.106,,,,,,5330,,,,,,,
20161118,02:24:16.106,,,,,,5326.5,,,,,,,
20161118,02:24:16.106,,,,,,5326.5,,,,,,,
20161118,02:24:16.106,,,,,,5318,,,,,,,
20161118,02:24:17.155,,,,,,,,,,,,,5350
20161118,02:24:17.155,,,,,,,,,,,,,5354
20161118,02:24:17.155,,,,,,,,,,,,,5349.9
20161118,02:24:18.173,,,,,,5318,,,,,,,
20161118,02:24:18.173,,,,,,,,,,,,,5477.7
20161118,02:24:18.173,,,,,,,,,,,,,5350
20161118,02:24:18.173,,,,,,,,,,,,,5354
20161118,02:24:18.173,,,,,,,,,,,,,5474.5
20161118,02:24:19.148,,,,,,5330,,,,,,,
20161118,02:24:19.148,,,,,,,,,,,,,5477.7
20161118,02:24:19.148,,,,,,,,,,,,,5350
20161118,02:24:20.149,,,,,,,,,,,,,5354
20161118,02:24:20.149,,,,,,,,,,,,,5470.8
20161118,02:24:20.149,,,,,,,,,,,,,5474.5
20161118,02:24:21.177,,,,,,5330,,,,,,,
20161118,02:24:21.177,,,,,,5318,,,,,,,
20161118,02:24:21.177,,,,,,,,,,,,,5350
20161118,02:24:21.177,,,,,,,,,,,,,5354
20161118,02:24:22.186,,,,,,,,,,,,,5467.1
20161118,02:24:22.186,,,,,,,,,,,,,5350
20161118,02:24:22.186,,,,,,,,,,,,,5470.8
20161118,02:24:23.192,,,,,,5330,,,,,,,
20161118,02:24:23.192,,,,,,5318,,,,,,,
20161118,02:24:23.192,,,,,,,,,,,,,5354
20161118,02:24:24.180,,,,,,,,,,,,,5467.1
20161118,02:24:24.180,,,,,,,,,,,,,5354
20161118,02:24:24.180,,,,,,,,,,,,,5349.8
20161118,02:24:25.183,,,,,,5330,,,,,,,
20161118,02:24:25.183,,,,,,5326.5,,,,,,,
20161118,02:24:25.183,,,,,,,,,,,,,5349.9
20161118,02:24:25.183,,,,,,,,,,,,,5349.3
20161118,02:24:31.180,,,,,,5336.6,,,,,,,
20161118,02:24:31.180,,,,,,5337.1,,,,,,,
20161118,02:24:31.180,,,,,,5329.8,,,,,,,
20161118,02:24:32.182,,,,,,5206.3,,,,,,,
20161118,02:24:40.197,,,,,,,,,,,,,5355
20161118,02:25:05.024,,,,,,,,,,,,,5346.8
20161118,02:25:05.024,,,,,,,,,,,,,5346.8
20161118,02:25:07.037,,,,,,,,,,,,,5445
20161118,02:25:11.055,,,,,,5338,,,,,,,
20161118,02:25:13.056,,,,,,,,,,,,,5430
20161118,02:25:14.070,,,,,,,,,,,,,5450
20161118,02:25:16.055,,,,,,5337.1,,,,,,,
20161118,02:25:17.054,,,,,,,,,,,,,5355
20161118,02:25:22.053,,,,,,5330.3,,,,,,,
20161118,02:25:23.053,,,,,,,,,,,,,5349.3
20161118,02:25:29.919,,,,,,5338,,,,,,,
20161118,02:25:33.936,,,,,,5330.1,,,,,,,
20161118,02:25:33.936,,,,,,5330.4,,,,,,,
20161118,02:25:40.929,,,,,,,,,,,,,5344
20161118,02:25:44.942,,,,,,,,,,,,,5349
20161118,02:25:45.943,,,,,,,,,,,,,5349.8
20161118,02:25:45.943,,,,,,,,,,,,,5475.8
20161118,02:25:46.929,,,,,,,,,,,,,5348.9
20161118,02:25:46.929,,,,,,,,,,,,,5475.8
20161118,02:25:55.928,,,,,,,,,,,,,5349.3
20161118,02:25:56.930,,,,,,,,,,,,,5349
20161118,02:25:57.929,,,,,,,,,,,,,5348.9
20161118,02:25:57.929,,,,,,,,,,,,,5349.8
20161118,02:26:00.931,,,,,,,,,,,,,5350
20161118,02:26:00.931,,,,,,,,,,,,,5349.1
20161118,02:26:03.940,,,,,,,,,,,,,5347.9
20161118,02:26:04.954,,,,,,,,,,,,,5349.8
20161118,02:26:04.954,,,,,,,,,,,,,5347.8
20161118,02:26:06.934,,,,,,5330.3,,,,,,,
20161118,02:26:06.934,,,,,,5330.6,,,,,,,
20161118,02:26:20.961,,,,,,5338.1,,,,,,,
20161118,02:26:20.961,,,,,,,,,,,,,5347.9
20161118,02:32:34,,,,,,5338,,,,,,,
20161118,02:32:34,,,,,,,,,,,,,5344
20161118,02:32:35.812,,,,,,5338,,,,,,,
20161118,02:32:35.812,,,,,,5337,,,,,,,
20161118,02:32:40.837,,,,,,5322.9,,,,,,,
20161118,02:32:40.837,,,,,,5199.3,,,,,,,
20161118,02:32:40.837,,,,,,,,,,,,,5350
20161118,02:32:40.837,,,,,,,,,,,,,5349
20161118,02:32:42.836,,,,,,5330.2,,,,,,,
20161118,02:32:42.836,,,,,,5332.1,,,,,,,
20161118,02:32:54.914,,,,,,,,,,,,,5349.3
20161118,02:32:54.914,,,,,,,,,,,,,5348.8
20161118,02:33:03.923,,,,,,5337,,,,,,,
20161118,02:33:17.916,,,,,,5319.2,,,,,,,
20161118,02:33:17.916,,,,,,5195.5,,,,,,,
20161118,02:33:23.917,,,,,,5319.4,,,,,,,
20161118,02:33:23.917,,,,,,5195.5,,,,,,,
20161118,02:33:33.931,,,,,,5334,,,,,,,
20161118,02:33:33.931,,,,,,5332.1,,,,,,,
20161118,02:33:44.047,,,,,,,,,,,,,5343
20161118,02:34:20.170,,,,,,,,,,,,,5344
20161118,02:34:21.171,,,,,,,,,,,,,5349.7
20161118,02:34:21.171,,,,,,,,,,,,,5344
20161118,02:34:42.174,,,,,,5322.8,,,,,,,
20161118,02:34:42.174,,,,,,5199.3,,,,,,,
20161118,02:34:56.187,,,,,,,,,,,,,5344
20161118,02:34:56.187,,,,,,,,,,,,,5349.7
20161118,02:35:16.178,,,,,,,,,,,,,5349.7
20161118,02:35:16.178,,,,,,,,,,,,,5344
20161118,02:35:28.173,,,,,,,,,,,,,5344
20161118,02:35:29.175,,,,,,,,,,,,,5349.7
20161118,02:35:33.167,,,,,,,,,,,,,5349.9
20161118,02:35:39.177,,,,,,5330.1,,,,,,,
20161118,02:35:39.177,,,,,,5332.2,,,,,,,
20161118,02:35:45.172,,,,,,,,,,,,,5343
20161118,02:35:49.173,,,,,,,,,,,,,5349.7
20161118,02:35:49.173,,,,,,,,,,,,,5344
20161118,02:35:54.179,,,,,,,,,,,,,5344
20161118,02:35:54.179,,,,,,,,,,,,,5349.7
20161118,02:35:56.185,,,,,,,,,,,,,5349.7
20161118,02:35:56.185,,,,,,,,,,,,,5342.9
20161118,02:36:12.282,,,,,,,,,,,,,5349.7
20161118,02:36:13.297,,,,,,,,,,,,,5344
20161118,02:36:38.470,,,,,,5332.2,,,,,,,
20161118,02:36:38.470,,,,,,,,,,,,,5342.9
20161118,02:36:44.484,,,,,,,,,,,,,5344
20161118,02:36:45.470,,,,,,,,,,,,,5342.9
20161118,02:36:48.470,,,,,,5322.8,,,,,,,
20161118,02:36:49.471,,,,,,5199.3,,,,,,,
20161118,02:36:56.516,,,,,,5332.1,,,,,,,
20161118,02:36:57.494,,,,,,5322.8,,,,,,,
20161118,02:36:57.494,,,,,,,,,,,,,5342.9
20161118,02:36:57.494,,,,,,,,,,,,,5344
20161118,02:36:58.489,,,,,,,,,,,,,5344
20161118,02:36:58.489,,,,,,,,,,,,,5342.9
20161118,02:36:58.489,,,,,,,,,,,,,5470.7
20161118,02:36:59.504,,,,,,,,,,,,,5342.9
20161118,02:36:59.504,,,,,,,,,,,,,5344
20161118,02:36:59.504,,,,,,,,,,,,,5470.7
20161118,02:36:59.504,,,,,,,,,,,,,5466.7
20161118,02:37:00.522,,,,,,5199.3,,,,,,,
20161118,02:37:00.522,,,,,,,,,,,,,5466.7
20161118,02:37:01.540,,,,,,,,,,,,,5344
20161118,02:37:01.540,,,,,,,,,,,,,5342.9
20161118,02:37:01.540,,,,,,,,,,,,,5348.8
20161118,02:37:01.540,,,,,,,,,,,,,5342.8
20161118,02:37:26.614,,,,,,5322.8,,,,,,,
20161118,02:37:27.597,,,,,,5199.3,,,,,,,
20161118,02:37:51.600,,,,,,5000,,,,,,,
20161118,02:37:56.623,,,,,,5323,,,,,,,
20161118,02:37:57.597,,,,,,5199.3,,,,,,,
20161118,02:38:03.608,,,,,,5323,,,,,,,
20161118,02:38:03.608,,,,,,5199.4,,,,,,,
20161118,02:38:05.602,,,,,,5323,,,,,,,
20161118,02:38:05.602,,,,,,5199.4,,,,,,,
20161118,02:38:37.728,,,,,,5318,,,,,,,
20161118,02:38:37.728,,,,,,,,,,,,,5342.9
20161118,02:38:38.731,,,,,,5323,,,,,,,
20161118,02:38:38.731,,,,,,5319.4,,,,,,,
20161118,02:38:39.725,,,,,,5315.9,,,,,,,
20161118,02:38:39.725,,,,,,5312.3,,,,,,,
20161118,02:38:39.725,,,,,,5308.8,,,,,,,
20161118,02:38:40.732,,,,,,5305.3,,,,,,,
20161118,02:38:40.732,,,,,,5301.7,,,,,,,
20161118,02:38:41.727,,,,,,5298.7,,,,,,,
20161118,02:38:41.727,,,,,,5294.6,,,,,,,
20161118,02:38:41.727,,,,,,5290.2,,,,,,,
20161118,02:38:42.727,,,,,,5286,,,,,,,
20161118,02:38:42.727,,,,,,5281.8,,,,,,,
20161118,02:38:42.727,,,,,,,,,,,,,5342.8
20161118,02:38:42.727,,,,,,,,,,,,,5342.9
20161118,02:38:43.727,,,,,,5277.3,,,,,,,
20161118,02:38:43.727,,,,,,5273,,,,,,,
20161118,02:38:44.727,,,,,,5268.3,,,,,,,
20161118,02:38:44.727,,,,,,5264.5,,,,,,,
20161118,02:38:44.727,,,,,,5260.4,,,,,,,
20161118,02:38:45.724,,,,,,5257.2,,,,,,,
20161118,02:38:45.724,,,,,,5254.1,,,,,,,
20161118,02:38:46.748,,,,,,5251.1,,,,,,,
20161118,02:38:46.748,,,,,,5248.3,,,,,,,
20161118,02:38:46.748,,,,,,5244.9,,,,,,,
20161118,02:38:47.731,,,,,,5241.8,,,,,,,
20161118,02:38:47.731,,,,,,5239,,,,,,,
20161118,02:38:48.739,,,,,,5235.7,,,,,,,
20161118,02:38:48.739,,,,,,5232.4,,,,,,,
20161118,02:38:48.739,,,,,,5229.6,,,,,,,
20161118,02:38:49.729,,,,,,5226,,,,,,,
20161118,02:38:49.729,,,,,,5222.8,,,,,,,
20161118,02:38:50.731,,,,,,5219.8,,,,,,,
20161118,02:38:50.731,,,,,,5216.5,,,,,,,
20161118,02:38:50.731,,,,,,5213.1,,,,,,,
20161118,02:38:51.739,,,,,,5209.6,,,,,,,
20161118,02:38:51.739,,,,,,5205.9,,,,,,,
20161118,02:38:52.732,,,,,,5202.7,,,,,,,
20161118,02:39:58.849,,,,,,5332.2,,,,,,,
20161118,02:40:03.856,,,,,,5332.3,,,,,,,
20161118,02:40:04.857,,,,,,5332.3,,,,,,,
20161118,02:40:07.852,,,,,,5332.2,,,,,,,
20161118,02:40:24.852,,,,,,,,,,,,,5342.9
20161118,02:40:35.902,,,,,,,,,,,,,5343
20161118,02:40:36.922,,,,,,,,,,,,,5380
20161118,02:40:37.902,,,,,,5322,,,,,,,
20161118,02:40:47.899,,,,,,5333,,,,,,,
20161118,02:40:54.904,,,,,,5332.1,,,,,,,
20161118,02:40:54.904,,,,,,5333.2,,,,,,,
20161118,02:41:05.904,,,,,,,,,,,,,5349
20161118,02:41:21.904,,,,,,5230,,,,,,,
20161118,02:41:23.902,,,,,,,,,,,,,5348.9
20161118,02:41:45.903,,,,,,,,,,,,,5340
20161118,02:41:50.016,,,,,,,,,,,,,5348.9
20161118,02:41:53.029,,,,,,,,,,,,,5339.9
20161118,02:41:55.067,,,,,,,,,,,,,5339.9
20161118,02:42:02.137,,,,,,5278.6,,,,,,,
20161118,02:42:18.167,,,,,,5322,,,,,,,
20161118,02:42:18.167,,,,,,,,,,,,,5344
20161118,02:42:19.161,,,,,,5197.4,,,,,,,
20161118,02:42:19.161,,,,,,5200.9,,,,,,,
20161118,02:42:19.161,,,,,,5204.4,,,,,,,
20161118,02:42:20.176,,,,,,5207.9,,,,,,,
20161118,02:42:20.176,,,,,,5211.2,,,,,,,
20161118,02:42:21.158,,,,,,5214.3,,,,,,,
20161118,02:42:21.158,,,,,,5218.2,,,,,,,
20161118,02:42:21.158,,,,,,5221.2,,,,,,,
20161118,02:42:22.158,,,,,,5224.7,,,,,,,
20161118,02:42:22.158,,,,,,5227.9,,,,,,,
20161118,02:42:23.159,,,,,,5231.8,,,,,,,
20161118,02:42:23.159,,,,,,5234.7,,,,,,,
20161118,02:42:23.159,,,,,,5238.1,,,,,,,
20161118,02:42:24.155,,,,,,5241.9,,,,,,,
20161118,02:42:24.155,,,,,,5245,,,,,,,
20161118,02:42:25.155,,,,,,5248.5,,,,,,,
20161118,02:42:25.155,,,,,,5252.1,,,,,,,
20161118,02:42:25.155,,,,,,5255.2,,,,,,,
20161118,02:42:26.153,,,,,,5258.6,,,,,,,
20161118,02:42:26.153,,,,,,5262.3,,,,,,,
20161118,02:42:27.173,,,,,,5265.8,,,,,,,
20161118,02:42:27.173,,,,,,5268.7,,,,,,,
20161118,02:42:27.173,,,,,,5272.3,,,,,,,
20161118,02:42:28.211,,,,,,5275.7,,,,,,,
20161118,02:42:28.211,,,,,,5279.3,,,,,,,
20161118,02:42:29.158,,,,,,5282.6,,,,,,,
20161118,02:42:29.158,,,,,,5285.9,,,,,,,
20161118,02:42:30.159,,,,,,5289.5,,,,,,,
20161118,02:42:30.159,,,,,,5293,,,,,,,
20161118,02:42:30.159,,,,,,5296.3,,,,,,,
20161118,02:42:31.158,,,,,,5299.5,,,,,,,
20161118,02:42:31.158,,,,,,5303,,,,,,,
20161118,02:42:32.153,,,,,,5306.3,,,,,,,
20161118,02:42:32.153,,,,,,5310,,,,,,,
20161118,02:42:32.153,,,,,,5313.1,,,,,,,
20161118,02:42:33.158,,,,,,5317,,,,,,,
20161118,02:42:33.158,,,,,,5197.4,,,,,,,
20161118,02:42:34.157,,,,,,5320.3,,,,,,,
20161118,02:42:34.157,,,,,,5200.9,,,,,,,
20161118,02:42:40.150,,,,,,5324.1,,,,,,,
20161118,02:42:41.151,,,,,,5204.4,,,,,,,
20161118,02:42:43.156,,,,,,,,,,,,,5344
20161118,02:42:43.156,,,,,,,,,,,,,5348.9
20161118,02:42:50.159,,,,,,,,,,,,,5348.9
20161118,02:42:50.159,,,,,,,,,,,,,5344
20161118,02:42:56.154,,,,,,,,,,,,,5349
20161118,02:42:59.152,,,,,,5278.6,,,,,,,
20161118,02:42:59.152,,,,,,5278.6,,,,,,,
20161118,02:43:03.162,,,,,,,,,,,,,5344
20161118,02:43:03.162,,,,,,,,,,,,,5472
20161118,02:43:04.160,,,,,,,,,,,,,5350
20161118,02:43:04.160,,,,,,,,,,,,,5472
20161118,02:43:07.167,,,,,,5278.6,,,,,,,
20161118,02:43:07.167,,,,,,5278.6,,,,,,,
20161118,02:43:09.157,,,,,,,,,,,,,5338
20161118,02:43:11.155,,,,,,,,,,,,,5350
20161118,02:43:11.155,,,,,,,,,,,,,5339.9
20161118,02:43:11.155,,,,,,,,,,,,,5339.9
20161118,02:43:11.155,,,,,,,,,,,,,5344
20161118,02:43:13.155,,,,,,,,,,,,,5344
20161118,02:43:13.155,,,,,,,,,,,,,5350
20161118,02:43:13.155,,,,,,,,,,,,,5344
20161118,02:43:13.155,,,,,,,,,,,,,5350
20161118,02:43:14.153,,,,,,,,,,,,,5471.9
20161118,02:43:14.153,,,,,,,,,,,,,5468.2
20161118,02:43:16.155,,,,,,5278.6,,,,,,,
20161118,02:43:16.155,,,,,,,,,,,,,5471.9
20161118,02:43:16.155,,,,,,,,,,,,,5344
20161118,02:43:16.155,,,,,,,,,,,,,5339.9
20161118,02:43:17.189,,,,,,,,,,,,,5468.2
20161118,02:43:17.189,,,,,,,,,,,,,5350
20161118,02:43:20.167,,,,,,,,,,,,,5339.9
20161118,02:43:20.167,,,,,,,,,,,,,5337.9
20161118,02:43:24.158,,,,,,,,,,,,,5337.9
20161118,02:43:53.158,,,,,,,,,,,,,5350
20161118,02:43:53.158,,,,,,,,,,,,,5344
20161118,02:44:02.163,,,,,,,,,,,,,5344
20161118,02:44:02.163,,,,,,,,,,,,,5350
20161118,02:44:11.160,,,,,,,,,,,,,5350
20161118,02:44:19.159,,,,,,,,,,,,,5350
20161118,02:44:19.159,,,,,,,,,,,,,5344
20161118,02:44:22.158,,,,,,5324.1,,,,,,,
20161118,02:44:22.158,,,,,,5204.1,,,,,,,
20161118,02:44:31.154,,,,,,5324,,,,,,,
20161118,02:44:32.171,,,,,,5204.1,,,,,,,
20161118,02:44:38.208,,,,,,,,,,,,,5344
20161118,02:44:38.208,,,,,,,,,,,,,5349.9
20161118,02:44:45.202,,,,,,,,,,,,,5349.9
20161118,02:44:46.204,,,,,,,,,,,,,5344
20161118,02:44:50.207,,,,,,5324,,,,,,,
20161118,02:44:51.206,,,,,,5204.1,,,,,,,
20161118,02:45:12.206,,,,,,,,,,,,,5339.8
20161118,02:45:32.212,,,,,,5322,,,,,,,
20161118,02:45:32.212,,,,,,5318,,,,,,,
20161118,02:45:36.210,,,,,,,,,,,,,5344
20161118,02:45:36.210,,,,,,,,,,,,,5339.9
20161118,02:45:37.215,,,,,,5320.3,,,,,,,
20161118,02:45:37.215,,,,,,5200.9,,,,,,,
20161118,02:45:44.228,,,,,,5333.2,,,,,,,
20161118,02:45:44.228,,,,,,,,,,,,,5339.9
20161118,02:45:44.228,,,,,,,,,,,,,5337.9
20161118,02:45:45.217,,,,,,5318,,,,,,,
20161118,02:45:45.217,,,,,,5310,,,,,,,
20161118,02:45:47.212,,,,,,,,,,,,,5349.1
20161118,02:45:48.209,,,,,,5333.2,,,,,,,
20161118,02:45:49.208,,,,,,5317,,,,,,,
20161118,02:45:50.207,,,,,,5316.7,,,,,,,
20161118,02:45:53.210,,,,,,5333,,,,,,,
20161118,02:45:53.210,,,,,,5332,,,,,,,
20161118,02:45:54.231,,,,,,5332,,,,,,,
20161118,02:45:54.231,,,,,,,,,,,,,5332
20161118,02:45:55.245,,,,,,,,,,,,,5337.9
20161118,02:45:55.245,,,,,,,,,,,,,5332
20161118,02:45:56.298,,,,,,5310,,,,,,,
20161118,02:45:56.298,,,,,,5318,,,,,,,
20161118,02:45:56.298,,,,,,,,,,,,,5339.9
20161118,02:45:57.324,,,,,,,,,,,,,5337.9
20161118,02:45:57.324,,,,,,,,,,,,,5339.9
20161118,02:45:57.324,,,,,,,,,,,,,5465.6
20161118,02:45:57.324,,,,,,,,,,,,,5462
20161118,02:45:58.309,,,,,,,,,,,,,5337.9
20161118,02:45:58.309,,,,,,,,,,,,,5339.9
20161118,02:45:58.309,,,,,,,,,,,,,5465.6
20161118,02:45:59.305,,,,,,,,,,,,,5462
20161118,02:46:08.329,,,,,,5326.6,,,,,,,
20161118,02:46:13.335,,,,,,,,,,,,,5337.9
20161118,02:46:33.332,,,,,,5326.7,,,,,,,
20161118,02:46:57.353,,,,,,5318,,,,,,,
20161118,02:46:57.353,,,,,,,,,,,,,5339.9
20161118,02:46:57.353,,,,,,,,,,,,,5337.9
20161118,02:46:58.333,,,,,,5310,,,,,,,
20161118,02:46:58.333,,,,,,5310,,,,,,,
20161118,02:46:58.333,,,,,,,,,,,,,5337.9
20161118,02:46:59.332,,,,,,5318,,,,,,,
20161118,02:46:59.332,,,,,,,,,,,,,5339.9
20161118,02:47:00.334,,,,,,5316.5,,,,,,,
20161118,02:47:00.334,,,,,,,,,,,,,5339.9
20161118,02:47:00.334,,,,,,,,,,,,,5339.9
20161118,02:47:02.332,,,,,,,,,,,,,5339.9
20161118,02:47:03.336,,,,,,5318,,,,,,,
20161118,02:47:03.336,,,,,,5310,,,,,,,
20161118,02:47:03.336,,,,,,,,,,,,,5337.9
20161118,02:47:07.346,,,,,,5310,,,,,,,
20161118,02:47:07.346,,,,,,5318,,,,,,,
20161118,02:47:07.346,,,,,,,,,,,,,5337.9
20161118,02:47:08.331,,,,,,,,,,,,,5339.9
20161118,02:47:08.331,,,,,,,,,,,,,5465.6
20161118,02:47:08.331,,,,,,,,,,,,,5465.6
20161118,02:47:09.334,,,,,,5318,,,,,,,
20161118,02:47:09.334,,,,,,,,,,,,,5339.9
20161118,02:47:09.334,,,,,,,,,,,,,5337.9
20161118,02:47:10.333,,,,,,5310,,,,,,,
20161118,02:47:11.334,,,,,,5310,,,,,,,
20161118,02:47:11.334,,,,,,5318,,,,,,,
20161118,02:47:11.334,,,,,,,,,,,,,5337.9
20161118,02:47:12.331,,,,,,5318,,,,,,,
20161118,02:47:12.331,,,,,,5310,,,,,,,
20161118,02:47:12.331,,,,,,,,,,,,,5339.9
20161118,02:47:12.331,,,,,,,,,,,,,5337
20161118,02:47:13.333,,,,,,,,,,,,,5339.9
20161118,02:47:13.333,,,,,,,,,,,,,5337.9
20161118,02:47:13.333,,,,,,,,,,,,,5465.5
20161118,02:47:14.334,,,,,,5310,,,,,,,
20161118,02:47:14.334,,,,,,5318,,,,,,,
20161118,02:47:14.334,,,,,,,,,,,,,5337.9
20161118,02:47:14.334,,,,,,,,,,,,,5339.9
20161118,02:47:15.331,,,,,,,,,,,,,5465.5
20161118,02:47:15.331,,,,,,,,,,,,,5462.1
20161118,02:47:15.331,,,,,,,,,,,,,5462.1
20161118,02:47:17.333,,,,,,,,,,,,,5339.9
20161118,02:47:17.333,,,,,,,,,,,,,5337.9
20161118,02:47:18.350,,,,,,5318,,,,,,,
20161118,02:47:18.350,,,,,,5310,,,,,,,
20161118,02:47:19.333,,,,,,5310,,,,,,,
20161118,02:47:19.333,,,,,,5318,,,,,,,
20161118,02:47:20.335,,,,,,,,,,,,,5337.9
20161118,02:47:20.335,,,,,,,,,,,,,5339.9
20161118,02:47:20.335,,,,,,,,,,,,,5465.7
20161118,02:47:20.335,,,,,,,,,,,,,5465.7
20161118,02:47:21.331,,,,,,5318,,,,,,,
20161118,02:47:21.331,,,,,,,,,,,,,5339.9
20161118,02:47:21.331,,,,,,,,,,,,,5337.9
20161118,02:47:22.332,,,,,,5310,,,,,,,
20161118,02:47:22.332,,,,,,5318,,,,,,,
20161118,02:47:22.332,,,,,,5310,,,,,,,
20161118,02:47:23.335,,,,,,5318,,,,,,,
20161118,02:47:23.335,,,,,,5310,,,,,,,
20161118,02:47:23.335,,,,,,,,,,,,,5337.9
20161118,02:47:23.335,,,,,,,,,,,,,5339.9
20161118,02:47:23.335,,,,,,,,,,,,,5340
20161118,02:47:24.333,,,,,,,,,,,,,5337.9
20161118,02:47:24.333,,,,,,,,,,,,,5339.9
20161118,02:47:24.333,,,,,,,,,,,,,5465
20161118,02:47:25.336,,,,,,5310,,,,,,,
20161118,02:47:25.336,,,,,,5308,,,,,,,
20161118,02:47:25.336,,,,,,,,,,,,,5461.4
20161118,02:47:26.335,,,,,,5310,,,,,,,
20161118,02:47:26.335,,,,,,5308,,,,,,,
20161118,02:47:26.335,,,,,,,,,,,,,5465
20161118,02:47:26.335,,,,,,,,,,,,,5461.4
20161118,02:47:30.332,,,,,,,,,,,,,5350
20161118,02:47:39.341,,,,,,,,,,,,,5337.9
20161118,02:47:39.341,,,,,,,,,,,,,5337
20161118,02:47:39.341,,,,,,,,,,,,,5464.5
20161118,02:47:40.330,,,,,,,,,,,,,5337
20161118,02:47:40.330,,,,,,,,,,,,,5464.5
20161118,02:47:40.330,,,,,,,,,,,,,5337.9
20161118,02:47:40.330,,,,,,,,,,,,,5337
20161118,02:47:41.334,,,,,,,,,,,,,5337.9
20161118,02:47:41.334,,,,,,,,,,,,,5464.5
20161118,02:47:41.334,,,,,,,,,,,,,5464.5
20161118,02:47:48.331,,,,,,5326.7,,,,,,,
20161118,02:47:48.331,,,,,,5318.1,,,,,,,
20161118,02:47:55.334,,,,,,,,,,,,,5337
20161118,02:47:56.336,,,,,,,,,,,,,5337.9
20161118,02:48:01.334,,,,,,,,,,,,,5337.9
20161118,02:48:01.334,,,,,,,,,,,,,5336.9
20161118,02:48:02.338,,,,,,,,,,,,,5337.9
20161118,02:48:02.338,,,,,,,,,,,,,5336.9
20161118,02:48:03.334,,,,,,5316.7,,,,,,,
20161118,02:48:04.335,,,,,,5197.2,,,,,,,
20161118,02:48:09.354,,,,,,,,,,,,,5380
20161118,02:48:26.333,,,,,,5088,,,,,,,
20161118,02:48:50.382,,,,,,,,,,,,,5335.9
20161118,02:48:55.385,,,,,,,,,,,,,5336.9
20161118,02:48:56.381,,,,,,5317.1,,,,,,,
20161118,02:48:56.381,,,,,,5197.2,,,,,,,
20161118,02:48:56.381,,,,,,,,,,,,,5337.9
20161118,02:49:01.385,,,,,,,,,,,,,5340
20161118,02:49:07.389,,,,,,5310,,,,,,,
20161118,02:49:07.389,,,,,,5318,,,,,,,
20161118,02:49:08.385,,,,,,,,,,,,,5337.9
20161118,02:49:08.385,,,,,,,,,,,,,5339.9
20161118,02:49:43.386,,,,,,5326.6,,,,,,,
20161118,02:49:43.386,,,,,,5330.1,,,,,,,
20161118,02:49:52.387,,,,,,5316.5,,,,,,,
20161118,02:49:52.387,,,,,,5290.3,,,,,,,
20161118,02:49:54.385,,,,,,5320.3,,,,,,,
20161118,02:49:54.385,,,,,,,,,,,,,5339.9
20161118,02:49:54.385,,,,,,,,,,,,,5344
20161118,02:49:55.383,,,,,,5200.9,,,,,,,
20161118,02:50:19.515,,,,,,,,,,,,,5339.8
20161118,02:50:19.515,,,,,,,,,,,,,5335.8
20161118,02:50:28.820,,,,,,5320.3,,,,,,,
20161118,02:50:28.820,,,,,,,,,,,,,5344
20161118,02:50:28.820,,,,,,,,,,,,,5339.9
20161118,02:50:28.820,,,,,,,,,,,,,5467.5
20161118,02:50:28.820,,,,,,,,,,,,,5463.6
20161118,02:50:29.638,,,,,,5200.6,,,,,,,
20161118,02:50:29.638,,,,,,,,,,,,,5467.5
20161118,02:50:30.520,,,,,,,,,,,,,5339.9
20161118,02:50:30.520,,,,,,,,,,,,,5344
20161118,02:50:30.520,,,,,,,,,,,,,5460
20161118,02:50:31.513,,,,,,,,,,,,,5344
20161118,02:50:31.513,,,,,,,,,,,,,5463.6
20161118,02:50:31.513,,,,,,,,,,,,,5460
20161118,02:50:32.514,,,,,,,,,,,,,5339.9
20161118,02:50:32.514,,,,,,,,,,,,,5339.9
20161118,02:50:33.514,,,,,,5320.6,,,,,,,
20161118,02:50:33.514,,,,,,5200.6,,,,,,,
20161118,02:50:33.514,,,,,,,,,,,,,5339.2
20161118,02:50:33.514,,,,,,,,,,,,,5344
20161118,02:50:39.515,,,,,,,,,,,,,5344
20161118,02:50:39.515,,,,,,,,,,,,,5357.9
20161118,02:50:39.515,,,,,,,,,,,,,5467.4
20161118,02:50:40.510,,,,,,,,,,,,,5339.9
20161118,02:50:40.510,,,,,,,,,,,,,5467.4
20161118,02:50:42.514,,,,,,5320.6,,,,,,,
20161118,02:50:42.514,,,,,,5200.9,,,,,,,
20161118,02:50:49.527,,,,,,5300,,,,,,,
20161118,02:50:51.509,,,,,,,,,,,,,5339.9
20161118,02:50:51.509,,,,,,,,,,,,,5344
20161118,02:50:52.511,,,,,,,,,,,,,5344
20161118,02:50:52.511,,,,,,,,,,,,,5339.9
20161118,02:50:52.511,,,,,,,,,,,,,5344
20161118,02:50:53.513,,,,,,,,,,,,,5339.9
20161118,02:50:53.513,,,,,,,,,,,,,5467.6
20161118,02:50:53.513,,,,,,,,,,,,,5464.1
20161118,02:50:54.510,,,,,,,,,,,,,5467.6
20161118,02:50:54.510,,,,,,,,,,,,,5344
20161118,02:50:54.510,,,,,,,,,,,,,5464.1
20161118,02:50:55.509,,,,,,,,,,,,,5339.9
20161118,02:50:55.509,,,,,,,,,,,,,5339.9
20161118,02:50:56.509,,,,,,,,,,,,,5344
20161118,02:50:57.512,,,,,,5320.2,,,,,,,
20161118,02:50:58.511,,,,,,5200.9,,,,,,,
20161118,02:51:30.512,,,,,,,,,,,,,5344
20161118,02:51:30.512,,,,,,,,,,,,,5339.9
20161118,02:51:31.517,,,,,,,,,,,,,5344
20161118,02:51:31.517,,,,,,,,,,,,,5339.9
20161118,02:51:31.517,,,,,,,,,,,,,5467.5
20161118,02:51:31.517,,,,,,,,,,,,,5467.5
20161118,02:51:32.515,,,,,,,,,,,,,5344
20161118,02:51:32.515,,,,,,,,,,,,,5339.9
20161118,02:51:32.515,,,,,,,,,,,,,5467.5
20161118,02:51:33.517,,,,,,,,,,,,,5339.9
20161118,02:51:33.517,,,,,,,,,,,,,5463.7
20161118,02:51:33.517,,,,,,,,,,,,,5467.5
20161118,02:51:34.536,,,,,,,,,,,,,5344
20161118,02:51:34.536,,,,,,,,,,,,,5463.7
20161118,02:51:34.536,,,,,,,,,,,,,5339.9
20161118,02:51:34.536,,,,,,,,,,,,,5344
20161118,02:51:35.515,,,,,,5320.2,,,,,,,
20161118,02:51:35.515,,,,,,,,,,,,,5460.4
20161118,02:51:35.515,,,,,,,,,,,,,5456.5
20161118,02:51:36.521,,,,,,5201,,,,,,,
20161118,02:51:36.521,,,,,,,,,,,,,5460.4
20161118,02:51:36.521,,,,,,,,,,,,,5456.5
20161118,02:51:40.517,,,,,,,,,,,,,5339.9
20161118,02:51:41.515,,,,,,5320.5,,,,,,,
20161118,02:51:41.515,,,,,,5201,,,,,,,
20161118,02:51:41.515,,,,,,,,,,,,,5344
20161118,02:51:46.518,,,,,,,,,,,,,5340
20161118,02:51:46.518,,,,,,,,,,,,,5332
20161118,02:51:58.521,,,,,,,,,,,,,5332
20161118,02:52:13.518,,,,,,,,,,,,,5332
20161118,02:52:39.633,,,,,,5318.2,,,,,,,
20161118,02:52:40.617,,,,,,5318,,,,,,,
20161118,02:52:40.617,,,,,,5318.1,,,,,,,
20161118,02:52:50.696,,,,,,5330.1,,,,,,,
20161118,02:52:50.696,,,,,,5332,,,,,,,
20161118,02:52:57.695,,,,,,5332,,,,,,,
20161118,02:52:57.695,,,,,,5330.1,,,,,,,
20161118,02:53:00.696,,,,,,5320.5,,,,,,,
20161118,02:53:00.696,,,,,,5200.6,,,,,,,
20161118,02:53:09.710,,,,,,5318.1,,,,,,,
20161118,02:53:09.710,,,,,,,,,,,,,5344
20161118,02:53:09.710,,,,,,,,,,,,,5337.9
20161118,02:53:10.699,,,,,,5318.1,,,,,,,
20161118,02:53:10.699,,,,,,,,,,,,,5337.9
20161118,02:53:10.699,,,,,,,,,,,,,5344
20161118,02:53:12.695,,,,,,5318.1,,,,,,,
20161118,02:53:12.695,,,,,,,,,,,,,5344
20161118,02:53:12.695,,,,,,,,,,,,,5337.9
20161118,02:53:13.695,,,,,,5310,,,,,,,
20161118,02:53:19.738,,,,,,,,,,,,,5337.9
20161118,02:53:19.738,,,,,,,,,,,,,5336.9
20161118,02:53:35.693,,,,,,5317.1,,,,,,,
20161118,02:53:36.688,,,,,,5197.2,,,,,,,
20161118,02:53:36.688,,,,,,5247,,,,,,,
20161118,02:53:42.691,,,,,,5316.7,,,,,,,
20161118,02:53:42.691,,,,,,5197.2,,,,,,,
20161118,02:53:43.694,,,,,,5267,,,,,,,
20161118,02:53:48.695,,,,,,,,,,,,,5336.9
20161118,02:53:48.695,,,,,,,,,,,,,5337.9
20161118,02:53:53.690,,,,,,5287,,,,,,,
20161118,02:53:56.691,,,,,,5310,,,,,,,
20161118,02:53:56.691,,,,,,,,,,,,,5337.9
20161118,02:53:56.691,,,,,,,,,,,,,5344
20161118,02:53:57.693,,,,,,5318.1,,,,,,,
20161118,02:54:12.696,,,,,,5332,,,,,,,
20161118,02:54:36.696,,,,,,5332,,,,,,,
20161118,02:56:15.572,,,,,,5318.1,,,,,,,
20161118,02:56:15.572,,,,,,,,,,,,,5344
20161118,02:56:16.573,,,,,,5316.7,,,,,,,
20161118,02:56:16.573,,,,,,,,,,,,,5344
20161118,02:56:17.574,,,,,,5318.1,,,,,,,
20161118,02:56:17.574,,,,,,5317,,,,,,,
20161118,02:56:23.580,,,,,,5330.1,,,,,,,
20161118,02:56:23.580,,,,,,5330,,,,,,,
20161118,02:56:23.580,,,,,,5330,,,,,,,
20161118,02:56:26.590,,,,,,,,,,,,,5344
20161118,02:56:27.609,,,,,,5318.1,,,,,,,
20161118,02:56:27.609,,,,,,,,,,,,,5337.9
20161118,02:56:27.609,,,,,,,,,,,,,5344
20161118,02:56:27.609,,,,,,,,,,,,,5337.9
20161118,02:56:28.623,,,,,,5318.1,,,,,,,
20161118,02:56:37.704,,,,,,,,,,,,,5344
20161118,02:56:38.695,,,,,,5318.1,,,,,,,
20161118,02:56:38.695,,,,,,5310,,,,,,,
20161118,02:56:38.695,,,,,,,,,,,,,5337.9
20161118,02:56:41.694,,,,,,,,,,,,,5343
20161118,02:56:50.765,,,,,,,,,,,,,5357.9
20161118,02:56:51.764,,,,,,5300,,,,,,,
20161118,02:56:53.778,,,,,,5310,,,,,,,
20161118,02:56:53.778,,,,,,,,,,,,,5337.9
20161118,02:56:54.790,,,,,,5318.1,,,,,,,
20161118,02:56:54.790,,,,,,,,,,,,,5344
20161118,02:56:57.795,,,,,,,,,,,,,5344
20161118,02:56:57.795,,,,,,,,,,,,,5337.9
20161118,02:56:58.794,,,,,,5318.1,,,,,,,
20161118,02:56:58.794,,,,,,5310,,,,,,,
20161118,02:56:58.794,,,,,,5310,,,,,,,
20161118,02:56:58.794,,,,,,5318,,,,,,,
20161118,02:56:59.793,,,,,,5318.1,,,,,,,
20161118,02:56:59.793,,,,,,5318,,,,,,,
20161118,02:56:59.793,,,,,,,,,,,,,5337.9
20161118,02:57:00.806,,,,,,,,,,,,,5466.5
20161118,02:57:00.806,,,,,,,,,,,,,5344
20161118,02:57:00.806,,,,,,,,,,,,,5466.5
20161118,02:57:05.837,,,,,,5318.1,,,,,,,
20161118,02:57:05.837,,,,,,,,,,,,,5344
20161118,02:57:06.842,,,,,,5322,,,,,,,
20161118,02:57:06.842,,,,,,5320.2,,,,,,,
20161118,02:57:06.842,,,,,,5200.6,,,,,,,
20161118,02:57:06.842,,,,,,,,,,,,,5349.9
20161118,02:57:07.863,,,,,,5323.9,,,,,,,
20161118,02:57:07.863,,,,,,5204.1,,,,,,,
20161118,02:57:08.858,,,,,,,,,,,,,5349.9
20161118,02:57:08.858,,,,,,,,,,,,,5344
20161118,02:57:09.870,,,,,,,,,,,,,5335
20161118,02:57:10.897,,,,,,5330,,,,,,,
20161118,02:57:17.872,,,,,,5323.9,,,,,,,
20161118,02:57:17.872,,,,,,5204.2,,,,,,,
20161118,02:57:20.894,,,,,,5323.7,,,,,,,
20161118,02:57:21.877,,,,,,5204.2,,,,,,,
20161118,02:58:01.015,,,,,,,,,,,,,5344
20161118,02:58:01.999,,,,,,,,,,,,,5349.9
20161118,02:58:01.999,,,,,,,,,,,,,5344
20161118,02:58:01.999,,,,,,,,,,,,,5349.9
20161118,02:58:01.999,,,,,,,,,,,,,5471.6
20161118,02:58:02.995,,,,,,,,,,,,,5471.6
20161118,02:58:04.003,,,,,,,,,,,,,5344
20161118,02:58:04.003,,,,,,,,,,,,,5349.9
20161118,02:58:05.072,,,,,,,,,,,,,5344
20161118,02:58:05.072,,,,,,,,,,,,,5349.9
20161118,02:58:05.072,,,,,,,,,,,,,5471.7
20161118,02:58:06.036,,,,,,,,,,,,,5467.9
20161118,02:58:06.036,,,,,,,,,,,,,5471.7
20161118,02:58:06.036,,,,,,,,,,,,,5344
20161118,02:58:06.036,,,,,,,,,,,,,5349.9
20161118,02:58:07.049,,,,,,,,,,,,,5467.9
20161118,02:58:09.049,,,,,,,,,,,,,5349.9
20161118,02:58:09.049,,,,,,,,,,,,,5344
20161118,02:58:10.046,,,,,,,,,,,,,5344
20161118,02:58:10.046,,,,,,,,,,,,,5349.9
20161118,02:58:10.046,,,,,,,,,,,,,5344
20161118,02:58:11.060,,,,,,,,,,,,,5349.9
20161118,02:58:11.060,,,,,,,,,,,,,5471.3
20161118,02:58:11.060,,,,,,,,,,,,,5471.3
20161118,02:58:13.040,,,,,,5323,,,,,,,
20161118,02:58:22.127,,,,,,5323.7,,,,,,,
20161118,02:58:22.127,,,,,,5204.1,,,,,,,
20161118,02:58:30.122,,,,,,5323.8,,,,,,,
20161118,02:58:30.122,,,,,,5204.1,,,,,,,
20161118,02:58:41.137,,,,,,5323.8,,,,,,,
20161118,02:58:42.126,,,,,,5204,,,,,,,
20161118,02:58:57.126,,,,,,5322,,,,,,,
20161118,02:58:58.124,,,,,,5318.1,,,,,,,
20161118,02:58:58.124,,,,,,5322,,,,,,,
20161118,02:58:58.124,,,,,,5318.1,,,,,,,
20161118,02:59:24.626,,,,,,5330.1,,,,,,,
20161118,02:59:29.629,,,,,,5322,,,,,,,
20161118,02:59:29.629,,,,,,5318.1,,,,,,,
20161118,02:59:33.623,,,,,,5318.1,,,,,,,
20161118,02:59:33.623,,,,,,5322,,,,,,,
20161118,02:59:52.626,,,,,,5322,,,,,,,
20161118,02:59:53.629,,,,,,5318.1,,,,,,,
20161118,03:00:23.075,,,,,,,,,,,,,5336.8
20161118,03:00:42.651,,,,,,,,,,,,,5336.9
20161118,03:00:56.675,,,,,,5320.2,,,,,,,
20161118,03:00:56.675,,,,,,5320.1,,,,,,,
20161118,03:01:11.784,,,,,,5318.1,,,,,,,
20161118,03:01:12.818,,,,,,5322,,,,,,,
20161118,03:01:13.806,,,,,,5322,,,,,,,
20161118,03:01:13.806,,,,,,5318.1,,,,,,,
20161118,03:01:13.806,,,,,,5322,,,,,,,
20161118,03:01:13.806,,,,,,5318.1,,,,,,,
20161118,03:01:14.798,,,,,,5322,,,,,,,
20161118,03:01:14.798,,,,,,5318.1,,,,,,,
20161118,03:02:00.066,,,,,,5318.1,,,,,,,
20161118,03:02:01.064,,,,,,5322,,,,,,,
20161118,03:02:02.067,,,,,,5322,,,,,,,
20161118,03:02:02.067,,,,,,5318.1,,,,,,,
20161118,03:02:09.057,,,,,,5318.1,,,,,,,
20161118,03:02:09.057,,,,,,5322,,,,,,,
20161118,03:02:12.073,,,,,,5330.1,,,,,,,
20161118,03:02:47.054,,,,,,5324.1,,,,,,,
20161118,03:02:47.054,,,,,,5204,,,,,,,
20161118,03:02:47.054,,,,,,,,,,,,,5344
20161118,03:02:48.054,,,,,,,,,,,,,5349.9
20161118,03:02:56.053,,,,,,5318.1,,,,,,,
20161118,03:02:56.053,,,,,,5324.2,,,,,,,
20161118,03:02:57.051,,,,,,5322,,,,,,,
20161118,03:02:57.051,,,,,,5323,,,,,,,
20161118,03:03:01.082,,,,,,5280,,,,,,,
20161118,03:03:14.163,,,,,,,,,,,,,5349.9
20161118,03:03:14.163,,,,,,,,,,,,,5344
20161118,03:03:15.191,,,,,,,,,,,,,5344
20161118,03:03:16.178,,,,,,,,,,,,,5349.9
20161118,03:03:16.178,,,,,,,,,,,,,5344
20161118,03:03:16.178,,,,,,,,,,,,,5349.9
20161118,03:03:17.177,,,,,,,,,,,,,5471.8
20161118,03:03:17.177,,,,,,,,,,,,,5468.2
20161118,03:03:17.177,,,,,,,,,,,,,5471.8
20161118,03:03:18.178,,,,,,,,,,,,,5468.2
20161118,03:03:18.178,,,,,,,,,,,,,5344
20161118,03:03:18.178,,,,,,,,,,,,,5349.9
20161118,03:03:44.176,,,,,,5323,,,,,,,
20161118,03:03:45.192,,,,,,5326.5,,,,,,,
20161118,03:03:45.192,,,,,,5318.2,,,,,,,
20161118,03:03:46.178,,,,,,,,,,,,,5336.9
20161118,03:03:47.181,,,,,,5327.1,,,,,,,
20161118,03:03:47.181,,,,,,5207.9,,,,,,,
20161118,03:04:04.178,,,,,,,,,,,,,5336.8
20161118,03:04:07.230,,,,,,5326.5,,,,,,,
20161118,03:04:07.230,,,,,,5327.1,,,,,,,
20161118,03:04:07.230,,,,,,5323,,,,,,,
20161118,03:04:08.224,,,,,,5208.1,,,,,,,
20161118,03:04:16.308,,,,,,,,,,,,,5349.9
20161118,03:04:16.308,,,,,,,,,,,,,5344
20161118,03:04:19.302,,,,,,,,,,,,,5340
20161118,03:04:26.303,,,,,,5323,,,,,,,
20161118,03:04:26.303,,,,,,5326.5,,,,,,,
20161118,03:04:26.303,,,,,,,,,,,,,5344
20161118,03:04:27.304,,,,,,5327,,,,,,,
20161118,03:04:27.304,,,,,,5208.1,,,,,,,
20161118,03:04:27.304,,,,,,,,,,,,,5349.9
20161118,03:04:28.309,,,,,,5330.1,,,,,,,
20161118,03:04:28.309,,,,,,5211.2,,,,,,,
20161118,03:04:30.303,,,,,,,,,,,,,5349.9
20161118,03:04:31.303,,,,,,,,,,,,,5354
20161118,03:04:46.305,,,,,,,,,,,,,5354
20161118,03:04:46.305,,,,,,,,,,,,,5335
20161118,03:04:46.305,,,,,,,,,,,,,5349.9
20161118,03:05:08.353,,,,,,,,,,,,,5349.9
20161118,03:05:08.353,,,,,,,,,,,,,5354
20161118,03:05:09.353,,,,,,,,,,,,,5354
20161118,03:05:09.353,,,,,,,,,,,,,5349.9
20161118,03:05:10.356,,,,,,,,,,,,,5349.9
20161118,03:05:10.356,,,,,,,,,,,,,5354
20161118,03:05:11.354,,,,,,,,,,,,,5349.9
20161118,03:05:11.354,,,,,,,,,,,,,5354
20161118,03:05:11.354,,,,,,,,,,,,,5465.7
20161118,03:05:12.353,,,,,,,,,,,,,5349.9
20161118,03:05:12.353,,,,,,,,,,,,,5354
20161118,03:05:12.353,,,,,,,,,,,,,5465.7
20161118,03:05:13.368,,,,,,,,,,,,,5462.4
20161118,03:05:13.368,,,,,,,,,,,,,5349.9
20161118,03:05:13.368,,,,,,,,,,,,,5354
20161118,03:05:13.368,,,,,,,,,,,,,5459.7
20161118,03:05:14.354,,,,,,,,,,,,,5462.4
20161118,03:05:14.354,,,,,,,,,,,,,5459.7
20161118,03:05:20.355,,,,,,,,,,,,,5349.9
20161118,03:05:20.355,,,,,,,,,,,,,5354
20161118,03:05:21.358,,,,,,,,,,,,,5354
20161118,03:05:21.358,,,,,,,,,,,,,5349.9
20161118,03:05:28.353,,,,,,5330.1,,,,,,,
20161118,03:05:29.357,,,,,,5326.5,,,,,,,
20161118,03:05:29.357,,,,,,5330,,,,,,,
20161118,03:05:37.352,,,,,,5330,,,,,,,
20161118,03:05:37.352,,,,,,5323,,,,,,,
20161118,03:05:37.352,,,,,,5330,,,,,,,
20161118,03:05:38.355,,,,,,5323,,,,,,,
20161118,03:05:39.363,,,,,,5330,,,,,,,
20161118,03:05:39.363,,,,,,5326.6,,,,,,,
20161118,03:05:40.355,,,,,,5326.6,,,,,,,
20161118,03:05:40.355,,,,,,5330,,,,,,,
20161118,03:05:42.357,,,,,,5330,,,,,,,
20161118,03:05:43.363,,,,,,5326.5,,,,,,,
20161118,03:05:55.355,,,,,,5330.1,,,,,,,
20161118,03:05:56.353,,,,,,5330.1,,,,,,,
20161118,03:06:00.354,,,,,,5330.1,,,,,,,
20161118,03:06:00.354,,,,,,5211.6,,,,,,,
20161118,03:06:05.358,,,,,,5330.1,,,,,,,
20161118,03:06:36.358,,,,,,,,,,,,,5340
20161118,03:06:36.358,,,,,,,,,,,,,5343
20161118,03:06:58.483,,,,,,5255.1,,,,,,,
20161118,03:07:10.495,,,,,,,,,,,,,5344
20161118,03:07:14.483,,,,,,5330.1,,,,,,,
20161118,03:07:14.483,,,,,,5330,,,,,,,
20161118,03:07:20.528,,,,,,5330,,,,,,,
20161118,03:07:26.584,,,,,,5327.1,,,,,,,
20161118,03:07:38.610,,,,,,,,,,,,,5335.5
20161118,03:07:39.611,,,,,,,,,,,,,5335.5
20161118,03:07:44.610,,,,,,,,,,,,,5335.7
20161118,03:07:46.609,,,,,,5327.1,,,,,,,
20161118,03:07:50.608,,,,,,,,,,,,,5335.7
20161118,03:07:50.608,,,,,,,,,,,,,5336.8
20161118,03:08:02.617,,,,,,5324.2,,,,,,,
20161118,03:08:02.617,,,,,,5327.2,,,,,,,
20161118,03:08:14.613,,,,,,,,,,,,,5335
20161118,03:08:19.613,,,,,,,,,,,,,5338
20161118,03:08:19.613,,,,,,,,,,,,,5335
20161118,03:08:37.709,,,,,,5326.5,,,,,,,
20161118,03:08:37.709,,,,,,5327,,,,,,,
20161118,03:08:37.709,,,,,,5322,,,,,,,
20161118,03:08:38.718,,,,,,5208.2,,,,,,,
20161118,03:08:38.718,,,,,,,,,,,,,5349.9
20161118,03:08:38.718,,,,,,,,,,,,,5344
20161118,03:08:39.725,,,,,,,,,,,,,5344
20161118,03:08:40.728,,,,,,5322,,,,,,,
20161118,03:08:40.728,,,,,,5326.5,,,,,,,
20161118,03:08:40.728,,,,,,5322,,,,,,,
20161118,03:08:40.728,,,,,,,,,,,,,5349.9
20161118,03:08:41.766,,,,,,5326.5,,,,,,,
20161118,03:08:42.737,,,,,,5322,,,,,,,
20161118,03:08:42.737,,,,,,5326.5,,,,,,,
20161118,03:08:43.750,,,,,,5326.5,,,,,,,
20161118,03:08:43.750,,,,,,5322,,,,,,,
20161118,03:08:46.737,,,,,,,,,,,,,5349.9
20161118,03:08:46.737,,,,,,,,,,,,,5344
20161118,03:08:48.738,,,,,,,,,,,,,5344
20161118,03:08:48.738,,,,,,,,,,,,,5349.9
20161118,03:08:49.745,,,,,,,,,,,,,5344
20161118,03:08:49.745,,,,,,,,,,,,,5349.9
20161118,03:08:49.745,,,,,,,,,,,,,5459.9
20161118,03:08:50.736,,,,,,,,,,,,,5456.6
20161118,03:08:50.736,,,,,,,,,,,,,5459.9
20161118,03:08:51.741,,,,,,,,,,,,,5456.6
20161118,03:08:58.774,,,,,,5327.2,,,,,,,
20161118,03:09:02.784,,,,,,,,,,,,,5336.8
20161118,03:09:03.809,,,,,,,,,,,,,5392
20161118,03:09:04.788,,,,,,5327.1,,,,,,,
20161118,03:09:04.788,,,,,,5327.1,,,,,,,
20161118,03:09:06.785,,,,,,,,,,,,,5410
20161118,03:09:08.785,,,,,,,,,,,,,5344
20161118,03:09:08.785,,,,,,,,,,,,,5342.9
20161118,03:09:11.789,,,,,,,,,,,,,5334.9
20161118,03:09:14.790,,,,,,5324.1,,,,,,,
20161118,03:09:14.790,,,,,,5205.1,,,,,,,
20161118,03:09:20.785,,,,,,5323.7,,,,,,,
20161118,03:09:20.785,,,,,,,,,,,,,5332
20161118,03:09:21.786,,,,,,5205.1,,,,,,,
20161118,03:09:23.794,,,,,,5323.7,,,,,,,
20161118,03:09:23.794,,,,,,5205.1,,,,,,,
20161118,03:09:28.783,,,,,,,,,,,,,5335.8
20161118,03:09:28.783,,,,,,,,,,,,,5355.8
20161118,03:09:30.788,,,,,,5322,,,,,,,
20161118,03:09:30.788,,,,,,5318,,,,,,,
20161118,03:09:30.788,,,,,,5322,,,,,,,
20161118,03:09:31.786,,,,,,5318,,,,,,,
20161118,03:09:32.795,,,,,,,,,,,,,5334.9
20161118,03:09:35.791,,,,,,5322,,,,,,,
20161118,03:09:35.791,,,,,,5318,,,,,,,
20161118,03:09:35.791,,,,,,,,,,,,,5339.2
20161118,03:09:35.791,,,,,,,,,,,,,5349.2
20161118,03:09:37.789,,,,,,,,,,,,,5331.9
20161118,03:09:40.785,,,,,,5318,,,,,,,
20161118,03:09:41.790,,,,,,5322,,,,,,,
20161118,03:09:44.786,,,,,,5322,,,,,,,
20161118,03:09:44.786,,,,,,5318,,,,,,,
20161118,03:09:45.794,,,,,,5322,,,,,,,
20161118,03:09:45.794,,,,,,5318,,,,,,,
20161118,03:09:46.802,,,,,,5322.1,,,,,,,
20161118,03:09:47.806,,,,,,5322,,,,,,,
20161118,03:09:47.806,,,,,,5322.1,,,,,,,
20161118,03:09:56.851,,,,,,5323.7,,,,,,,
20161118,03:09:56.851,,,,,,5205.1,,,,,,,
20161118,03:09:59.875,,,,,,,,,,,,,5335
20161118,03:10:10.036,,,,,,,,,,,,,5330.8
20161118,03:10:28.041,,,,,,5327,,,,,,,
20161118,03:10:33.036,,,,,,,,,,,,,5337
20161118,03:10:33.036,,,,,,,,,,,,,5344
20161118,03:10:34.054,,,,,,,,,,,,,5398
20161118,03:10:39.042,,,,,,,,,,,,,5342.9
20161118,03:10:39.042,,,,,,,,,,,,,5349.9
20161118,03:10:40.040,,,,,,,,,,,,,5349.9
20161118,03:10:40.040,,,,,,,,,,,,,5342.9
20161118,03:10:40.040,,,,,,,,,,,,,5349.9
20161118,03:10:41.037,,,,,,,,,,,,,5342.9
20161118,03:10:41.037,,,,,,,,,,,,,5458.7
20161118,03:10:41.037,,,,,,,,,,,,,5455.5
20161118,03:10:42.043,,,,,,,,,,,,,5349.9
20161118,03:10:42.043,,,,,,,,,,,,,5458.7
20161118,03:10:42.043,,,,,,,,,,,,,5342.9
20161118,03:10:42.043,,,,,,,,,,,,,5330.7
20161118,03:10:42.043,,,,,,,,,,,,,5455.5
20161118,03:10:43.041,,,,,,,,,,,,,5349.9
20161118,03:10:43.041,,,,,,,,,,,,,5342.9
20161118,03:10:43.041,,,,,,,,,,,,,5452.4
20161118,03:10:44.072,,,,,,,,,,,,,5449
20161118,03:10:44.072,,,,,,,,,,,,,5452.4
20161118,03:10:45.038,,,,,,,,,,,,,5449
20161118,03:10:46.039,,,,,,,,,,,,,5349.9
20161118,03:10:46.039,,,,,,,,,,,,,5349.9
20161118,03:10:49.044,,,,,,,,,,,,,5331.9
20161118,03:10:50.041,,,,,,,,,,,,,5349.9
20161118,03:10:50.041,,,,,,,,,,,,,5342.9
20161118,03:10:51.042,,,,,,,,,,,,,5458.4
20161118,03:10:55.045,,,,,,5322.1,,,,,,,
20161118,03:10:55.045,,,,,,5323.8,,,,,,,
20161118,03:10:55.045,,,,,,,,,,,,,5342.9
20161118,03:10:55.045,,,,,,,,,,,,,5455.3
20161118,03:10:56.045,,,,,,5327,,,,,,,
20161118,03:10:56.045,,,,,,5322.1,,,,,,,
20161118,03:10:56.045,,,,,,,,,,,,,5458.4
20161118,03:10:56.045,,,,,,,,,,,,,5349.9
20161118,03:10:57.048,,,,,,5323,,,,,,,
20161118,03:10:57.048,,,,,,,,,,,,,5455.3
20161118,03:11:00.037,,,,,,,,,,,,,5330.8
20161118,03:11:00.037,,,,,,,,,,,,,5329
20161118,03:11:01.039,,,,,,,,,,,,,5349.9
20161118,03:11:01.039,,,,,,,,,,,,,5342.9
20161118,03:11:03.040,,,,,,,,,,,,,5342.9
20161118,03:11:04.049,,,,,,,,,,,,,5349.9
20161118,03:11:05.051,,,,,,,,,,,,,5349.9
20161118,03:11:05.051,,,,,,,,,,,,,5342.9
20161118,03:11:07.041,,,,,,,,,,,,,5342.9
20161118,03:11:07.041,,,,,,,,,,,,,5349.9
20161118,03:11:12.045,,,,,,,,,,,,,5349.9
20161118,03:11:13.042,,,,,,,,,,,,,5342.9
20161118,03:11:14.067,,,,,,,,,,,,,5342.9
20161118,03:11:14.067,,,,,,,,,,,,,5349.9
20161118,03:11:15.039,,,,,,,,,,,,,5349.9
20161118,03:11:15.039,,,,,,,,,,,,,5342.9
20161118,03:11:23.038,,,,,,,,,,,,,5342.9
20161118,03:11:23.038,,,,,,,,,,,,,5349.9
20161118,03:11:31.117,,,,,,5327,,,,,,,
20161118,03:11:43.168,,,,,,,,,,,,,5349.9
20161118,03:11:43.168,,,,,,,,,,,,,5342.9
20161118,03:11:44.180,,,,,,,,,,,,,5342.9
20161118,03:11:44.180,,,,,,,,,,,,,5349.9
20161118,03:11:45.163,,,,,,,,,,,,,5349.9
20161118,03:11:45.163,,,,,,,,,,,,,5342.9
20161118,03:11:45.163,,,,,,,,,,,,,5458.6
20161118,03:11:46.161,,,,,,,,,,,,,5342.9
20161118,03:11:46.161,,,,,,,,,,,,,5458.6
20161118,03:11:47.164,,,,,,,,,,,,,5349.9
20161118,03:11:48.169,,,,,,5323,,,,,,,
20161118,03:11:48.169,,,,,,5323.7,,,,,,,
20161118,03:11:48.169,,,,,,,,,,,,,5349.9
20161118,03:11:48.169,,,,,,,,,,,,,5342.9
20161118,03:11:49.169,,,,,,5322,,,,,,,
20161118,03:11:49.169,,,,,,,,,,,,,5457.1
20161118,03:11:49.169,,,,,,,,,,,,,5342.9
20161118,03:11:50.169,,,,,,5323,,,,,,,
20161118,03:11:50.169,,,,,,5322,,,,,,,
20161118,03:11:50.169,,,,,,,,,,,,,5453.8
20161118,03:11:51.167,,,,,,5323.4,,,,,,,
20161118,03:11:51.167,,,,,,,,,,,,,5457.1
20161118,03:11:51.167,,,,,,,,,,,,,5349.9
20161118,03:11:51.167,,,,,,,,,,,,,5453.8
20161118,03:11:53.540,,,,,,,,,,,,,5349.9
20161118,03:11:54.569,,,,,,,,,,,,,5342.9
20161118,03:11:57.545,,,,,,,,,,,,,5342.9
20161118,03:11:58.546,,,,,,,,,,,,,5349.9
20161118,03:11:58.546,,,,,,,,,,,,,5349.9
20161118,03:11:59.541,,,,,,,,,,,,,5342.9
20161118,03:11:59.541,,,,,,,,,,,,,5349.9
20161118,03:11:59.541,,,,,,,,,,,,,5342.9
20161118,03:12:00.538,,,,,,,,,,,,,5458.8
20161118,03:12:00.538,,,,,,,,,,,,,5455.6
20161118,03:12:00.538,,,,,,,,,,,,,5458.8
20161118,03:12:01.543,,,,,,,,,,,,,5455.6
20161118,03:12:14.571,,,,,,5322,,,,,,,
20161118,03:12:17.541,,,,,,5270,,,,,,,
20161118,03:12:26.543,,,,,,5323,,,,,,,
20161118,03:12:26.543,,,,,,5326.5,,,,,,,
20161118,03:12:27.543,,,,,,5326.7,,,,,,,
20161118,03:12:27.543,,,,,,5208.2,,,,,,,
20161118,03:12:29.539,,,,,,5326.5,,,,,,,
20161118,03:12:29.539,,,,,,5327,,,,,,,
20161118,03:12:30.542,,,,,,5327,,,,,,,
20161118,03:12:30.542,,,,,,5323.8,,,,,,,
20161118,03:12:37.547,,,,,,5326.7,,,,,,,
20161118,03:12:38.554,,,,,,5323.8,,,,,,,
20161118,03:12:38.554,,,,,,5323,,,,,,,
20161118,03:12:38.554,,,,,,5208.1,,,,,,,
20161118,03:12:45.542,,,,,,,,,,,,,5329
20161118,03:12:45.542,,,,,,,,,,,,,5330
20161118,03:12:49.544,,,,,,5323.8,,,,,,,
20161118,03:12:49.544,,,,,,5323.5,,,,,,,
20161118,03:13:06.592,,,,,,5323,,,,,,,
20161118,03:13:06.592,,,,,,5326.5,,,,,,,
20161118,03:13:07.595,,,,,,5326.6,,,,,,,
20161118,03:13:07.595,,,,,,5208.1,,,,,,,
20161118,03:13:12.591,,,,,,5326.5,,,,,,,
20161118,03:13:12.591,,,,,,5323,,,,,,,
20161118,03:13:12.591,,,,,,5323,,,,,,,
20161118,03:13:13.589,,,,,,5326.5,,,,,,,
20161118,03:13:15.591,,,,,,5326.5,,,,,,,
20161118,03:13:15.591,,,,,,5323,,,,,,,
20161118,03:13:16.587,,,,,,5323,,,,,,,
20161118,03:13:17.589,,,,,,5326.5,,,,,,,
20161118,03:13:17.589,,,,,,5323,,,,,,,
20161118,03:13:18.586,,,,,,5326.5,,,,,,,
20161118,03:13:18.586,,,,,,5326.6,,,,,,,
20161118,03:13:19.588,,,,,,5208,,,,,,,
20161118,03:13:40.592,,,,,,5326.5,,,,,,,
20161118,03:13:40.592,,,,,,5208,,,,,,,
20161118,03:13:40.592,,,,,,5323,,,,,,,
20161118,03:13:41.601,,,,,,5326.5,,,,,,,
20161118,03:13:54.597,,,,,,5326.5,,,,,,,
20161118,03:13:54.597,,,,,,5327,,,,,,,
20161118,03:14:13.589,,,,,,5327,,,,,,,
20161118,03:14:13.589,,,,,,5326.5,,,,,,,
20161118,03:14:16.637,,,,,,5326.5,,,,,,,
20161118,03:14:16.637,,,,,,5327,,,,,,,
20161118,03:14:17.651,,,,,,5327,,,,,,,
20161118,03:14:17.651,,,,,,5323.5,,,,,,,
20161118,03:14:21.703,,,,,,5327,,,,,,,
20161118,03:14:22.723,,,,,,5323.5,,,,,,,
20161118,03:14:22.723,,,,,,5326.6,,,,,,,
20161118,03:14:25.714,,,,,,5326.6,,,,,,,
20161118,03:14:26.716,,,,,,5323,,,,,,,
20161118,03:14:26.716,,,,,,5326.5,,,,,,,
20161118,03:14:26.716,,,,,,5323,,,,,,,
20161118,03:14:28.716,,,,,,5326.5,,,,,,,
20161118,03:14:28.716,,,,,,5323,,,,,,,
20161118,03:14:28.716,,,,,,5326.6,,,,,,,
20161118,03:14:29.721,,,,,,5323,,,,,,,
20161118,03:14:29.721,,,,,,5326.5,,,,,,,
20161118,03:14:30.718,,,,,,5326.6,,,,,,,
20161118,03:14:30.718,,,,,,5208.2,,,,,,,
20161118,03:14:30.718,,,,,,5323.5,,,,,,,
20161118,03:14:34.733,,,,,,5323.5,,,,,,,
20161118,03:14:34.733,,,,,,5327.1,,,,,,,
20161118,03:14:34.733,,,,,,,,,,,,,5355.8
20161118,03:14:34.733,,,,,,,,,,,,,5355.8
20161118,03:14:35.717,,,,,,5323.5,,,,,,,
20161118,03:14:35.717,,,,,,5318,,,,,,,
20161118,03:14:37.718,,,,,,5318,,,,,,,
20161118,03:14:37.718,,,,,,5326.6,,,,,,,
20161118,03:14:37.718,,,,,,5327,,,,,,,
20161118,03:14:38.715,,,,,,5326.6,,,,,,,
20161118,03:14:38.715,,,,,,5326.7,,,,,,,
20161118,03:14:38.715,,,,,,5208.2,,,,,,,
20161118,03:14:45.765,,,,,,5275.8,,,,,,,
20161118,03:14:52.577,,,,,,,,,,,,,5330
20161118,03:14:56.588,,,,,,5279.2,,,,,,,
20161118,03:15:24.591,,,,,,5327,,,,,,,
20161118,03:15:25.603,,,,,,5326.7,,,,,,,
20161118,03:15:25.603,,,,,,5318,,,,,,,
20161118,03:15:25.603,,,,,,5207.9,,,,,,,
20161118,03:15:27.595,,,,,,5326.5,,,,,,,
20161118,03:15:28.595,,,,,,5207.9,,,,,,,
20161118,03:15:30.595,,,,,,5318,,,,,,,
20161118,03:15:31.592,,,,,,5326.5,,,,,,,
20161118,03:15:31.592,,,,,,5318,,,,,,,
20161118,03:15:31.592,,,,,,5326.5,,,,,,,
20161118,03:15:32.593,,,,,,5318,,,,,,,
20161118,03:15:32.593,,,,,,5326.5,,,,,,,
20161118,03:15:32.593,,,,,,5323,,,,,,,
20161118,03:15:32.593,,,,,,5326.5,,,,,,,
20161118,03:15:34.599,,,,,,5323,,,,,,,
20161118,03:15:34.599,,,,,,5326.5,,,,,,,
20161118,03:15:35.606,,,,,,5323,,,,,,,
20161118,03:15:35.606,,,,,,5326.5,,,,,,,
20161118,03:15:36.595,,,,,,5323,,,,,,,
20161118,03:15:36.595,,,,,,5318,,,,,,,
20161118,03:15:36.595,,,,,,5323,,,,,,,
20161118,03:15:36.595,,,,,,5318,,,,,,,
20161118,03:15:37.593,,,,,,5323,,,,,,,
20161118,03:15:37.593,,,,,,5326.5,,,,,,,
20161118,03:15:39.620,,,,,,5326.5,,,,,,,
20161118,03:15:39.620,,,,,,5327,,,,,,,
20161118,03:15:47.590,,,,,,5327.5,,,,,,,
20161118,03:16:02.591,,,,,,5327.5,,,,,,,
20161118,03:16:04.594,,,,,,5327,,,,,,,
20161118,03:16:04.594,,,,,,5318,,,,,,,
20161118,03:16:06.594,,,,,,5318,,,,,,,
20161118,03:16:06.594,,,,,,5326.5,,,,,,,
20161118,03:16:12.595,,,,,,5328,,,,,,,
20161118,03:16:14.596,,,,,,5326.5,,,,,,,
20161118,03:16:14.596,,,,,,5327,,,,,,,
20161118,03:16:25.604,,,,,,5327,,,,,,,
20161118,03:16:25.604,,,,,,5326.5,,,,,,,
20161118,03:16:26.596,,,,,,5326.5,,,,,,,
20161118,03:16:26.596,,,,,,5318,,,,,,,
20161118,03:16:27.600,,,,,,5318,,,,,,,
20161118,03:16:27.600,,,,,,5323,,,,,,,
20161118,03:16:33.594,,,,,,5323,,,,,,,
20161118,03:16:34.594,,,,,,5327,,,,,,,
20161118,03:16:41.596,,,,,,5327,,,,,,,
20161118,03:16:41.596,,,,,,5326.6,,,,,,,
20161118,03:16:43.600,,,,,,5326.6,,,,,,,
20161118,03:16:44.600,,,,,,5318,,,,,,,
20161118,03:16:44.600,,,,,,5318,,,,,,,
20161118,03:16:45.605,,,,,,5326.5,,,,,,,
20161118,03:16:45.605,,,,,,5318,,,,,,,
20161118,03:16:45.605,,,,,,5326.5,,,,,,,
20161118,03:16:45.605,,,,,,5318,,,,,,,
20161118,03:16:46.597,,,,,,5323,,,,,,,
20161118,03:16:54.597,,,,,,5323,,,,,,,
20161118,03:16:54.597,,,,,,5326.5,,,,,,,
20161118,03:16:59.599,,,,,,5326.5,,,,,,,
20161118,03:16:59.599,,,,,,5318,,,,,,,
20161118,03:17:00.598,,,,,,5326.5,,,,,,,
20161118,03:17:01.596,,,,,,5208.2,,,,,,,
20161118,03:17:16.644,,,,,,5318,,,,,,,
20161118,03:17:17.642,,,,,,5327,,,,,,,
20161118,03:17:17.642,,,,,,5326.7,,,,,,,
20161118,03:17:17.642,,,,,,5208.2,,,,,,,
20161118,03:17:52.642,,,,,,5327,,,,,,,
20161118,03:17:52.642,,,,,,5326.7,,,,,,,
20161118,03:17:53.644,,,,,,5318,,,,,,,
20161118,03:17:53.644,,,,,,5208.1,,,,,,,
20161118,03:17:56.644,,,,,,5318,,,,,,,
20161118,03:17:57.644,,,,,,5326.6,,,,,,,
20161118,03:17:57.644,,,,,,5327,,,,,,,
20161118,03:17:57.644,,,,,,5326.6,,,,,,,
20161118,03:17:57.644,,,,,,5326.7,,,,,,,
20161118,03:17:58.643,,,,,,5208.1,,,,,,,
20161118,03:18:04.656,,,,,,5327,,,,,,,
20161118,03:18:04.656,,,,,,5326.7,,,,,,,
20161118,03:18:04.656,,,,,,5318,,,,,,,
20161118,03:18:05.655,,,,,,5208,,,,,,,
20161118,03:18:14.129,,,,,,5318,,,,,,,
20161118,03:18:14.129,,,,,,5327,,,,,,,
20161118,03:18:15.114,,,,,,5326.5,,,,,,,
20161118,03:18:15.114,,,,,,5208,,,,,,,
20161118,03:18:17.132,,,,,,5327,,,,,,,
20161118,03:18:17.132,,,,,,5318,,,,,,,
20161118,03:18:18.143,,,,,,5318,,,,,,,
20161118,03:18:19.151,,,,,,5326.5,,,,,,,
20161118,03:18:19.151,,,,,,5318,,,,,,,
20161118,03:18:19.151,,,,,,5326.5,,,,,,,
20161118,03:18:21.147,,,,,,5318,,,,,,,
20161118,03:18:21.147,,,,,,5326.6,,,,,,,
20161118,03:18:22.150,,,,,,5326.6,,,,,,,
20161118,03:18:22.150,,,,,,5327,,,,,,,
20161118,03:18:39.200,,,,,,5327.1,,,,,,,
20161118,03:18:39.200,,,,,,,,,,,,,5330.7
20161118,03:18:43.194,,,,,,5290.3,,,,,,,
20161118,03:18:59.276,,,,,,5328,,,,,,,
20161118,03:19:16.344,,,,,,5327,,,,,,,
20161118,03:19:16.344,,,,,,5318,,,,,,,
20161118,03:19:18.361,,,,,,5318,,,,,,,
20161118,03:19:18.361,,,,,,5326.6,,,,,,,
20161118,03:19:19.377,,,,,,5326.6,,,,,,,
20161118,03:19:19.377,,,,,,5318,,,,,,,
20161118,03:19:30.400,,,,,,5318,,,,,,,
20161118,03:19:30.400,,,,,,5326.6,,,,,,,
20161118,03:19:34.403,,,,,,5326.6,,,,,,,
20161118,03:19:34.403,,,,,,5318,,,,,,,
20161118,03:19:35.399,,,,,,5318,,,,,,,
20161118,03:19:35.399,,,,,,5326.5,,,,,,,
20161118,03:19:37.397,,,,,,5326.5,,,,,,,
20161118,03:19:37.397,,,,,,5318,,,,,,,
20161118,03:19:38.402,,,,,,5318,,,,,,,
20161118,03:19:38.402,,,,,,5326.5,,,,,,,
20161118,03:19:44.578,,,,,,5326.5,,,,,,,
20161118,03:19:44.578,,,,,,5318,,,,,,,
20161118,03:19:45.588,,,,,,5318,,,,,,,
20161118,03:19:45.588,,,,,,5323,,,,,,,
20161118,03:20:05.653,,,,,,5323,,,,,,,
20161118,03:20:05.653,,,,,,5326.6,,,,,,,
20161118,03:20:24.655,,,,,,5326.6,,,,,,,
20161118,03:20:24.655,,,,,,5326.5,,,,,,,
20161118,03:20:25.662,,,,,,5318,,,,,,,
20161118,03:20:25.662,,,,,,5323,,,,,,,
20161118,03:20:25.662,,,,,,5318,,,,,,,
20161118,03:20:26.664,,,,,,5326.5,,,,,,,
20161118,03:20:26.664,,,,,,5323,,,,,,,
20161118,03:20:26.664,,,,,,5326.5,,,,,,,
20161118,03:20:47.657,,,,,,,,,,,,,5364
20161118,03:20:47.657,,,,,,,,,,,,,5349
20161118,03:20:48.651,,,,,,,,,,,,,5349.9
20161118,03:20:48.651,,,,,,,,,,,,,5349.2
20161118,03:21:10.705,,,,,,,,,,,,,5332
20161118,03:21:10.705,,,,,,,,,,,,,5328
20161118,03:21:11.727,,,,,,,,,,,,,5328
20161118,03:21:12.738,,,,,,5326.5,,,,,,,
20161118,03:21:12.738,,,,,,5326.5,,,,,,,
20161118,03:21:13.745,,,,,,5318,,,,,,,
20161118,03:21:13.745,,,,,,5323,,,,,,,
20161118,03:21:13.745,,,,,,,,,,,,,5459.6
20161118,03:21:13.745,,,,,,,,,,,,,5456.6
20161118,03:21:14.747,,,,,,5318,,,,,,,
20161118,03:21:14.747,,,,,,,,,,,,,5453.4
20161118,03:21:14.747,,,,,,,,,,,,,5459.6
20161118,03:21:15.749,,,,,,5208.1,,,,,,,
20161118,03:21:15.749,,,,,,,,,,,,,5450
20161118,03:21:15.749,,,,,,,,,,,,,5456.6
20161118,03:21:16.765,,,,,,,,,,,,,5447
20161118,03:21:16.765,,,,,,,,,,,,,5453.4
20161118,03:21:17.750,,,,,,,,,,,,,5443.9
20161118,03:21:17.750,,,,,,,,,,,,,5450
20161118,03:21:18.761,,,,,,5323,,,,,,,
20161118,03:21:18.761,,,,,,5318,,,,,,,
20161118,03:21:18.761,,,,,,,,,,,,,5440.5
20161118,03:21:18.761,,,,,,,,,,,,,5447
20161118,03:21:19.786,,,,,,5328,,,,,,,
20161118,03:21:19.786,,,,,,,,,,,,,5437.3
20161118,03:21:19.786,,,,,,,,,,,,,5328
20161118,03:21:19.786,,,,,,,,,,,,,5328
20161118,03:21:20.817,,,,,,,,,,,,,5443.9
20161118,03:21:20.817,,,,,,,,,,,,,5434.1
20161118,03:21:20.817,,,,,,,,,,,,,5440.5
20161118,03:21:21.820,,,,,,,,,,,,,5430.8
20161118,03:21:21.820,,,,,,,,,,,,,5437.3
20161118,03:21:21.820,,,,,,,,,,,,,5427.9
20161118,03:21:22.827,,,,,,5328,,,,,,,
20161118,03:21:22.827,,,,,,,,,,,,,5434.1
20161118,03:21:22.827,,,,,,,,,,,,,5424.7
20161118,03:21:23.827,,,,,,,,,,,,,5430.8
20161118,03:21:23.827,,,,,,,,,,,,,5421.2
20161118,03:21:23.827,,,,,,,,,,,,,5427.9
20161118,03:21:24.825,,,,,,,,,,,,,5417.9
20161118,03:21:24.825,,,,,,,,,,,,,5424.7
20161118,03:21:25.825,,,,,,,,,,,,,5414.9
20161118,03:21:25.825,,,,,,,,,,,,,5421.2
20161118,03:21:25.825,,,,,,,,,,,,,5330.7
20161118,03:21:25.825,,,,,,,,,,,,,5411.7
20161118,03:21:26.870,,,,,,,,,,,,,5417.9
20161118,03:21:26.870,,,,,,,,,,,,,5408.7
20161118,03:21:27.847,,,,,,,,,,,,,5414.9
20161118,03:21:27.847,,,,,,,,,,,,,5405.6
20161118,03:21:27.847,,,,,,,,,,,,,5411.7
20161118,03:21:28.847,,,,,,,,,,,,,5402.2
20161118,03:21:28.847,,,,,,,,,,,,,5408.7
20161118,03:21:29.861,,,,,,5318,,,,,,,
20161118,03:21:29.861,,,,,,5326.6,,,,,,,
20161118,03:21:29.861,,,,,,,,,,,,,5398.7
20161118,03:21:30.880,,,,,,5326.3,,,,,,,
20161118,03:21:30.880,,,,,,5208.1,,,,,,,
20161118,03:21:30.880,,,,,,,,,,,,,5405.6
20161118,03:21:31.892,,,,,,,,,,,,,5395.8
20161118,03:21:31.892,,,,,,,,,,,,,5402.2
20161118,03:21:31.892,,,,,,,,,,,,,5392.5
20161118,03:21:32.887,,,,,,,,,,,,,5334.9
20161118,03:21:32.887,,,,,,,,,,,,,5398.7
20161118,03:21:32.887,,,,,,,,,,,,,5389.6
20161118,03:21:33.906,,,,,,,,,,,,,5395.8
20161118,03:21:33.906,,,,,,,,,,,,,5385.9
20161118,03:21:34.918,,,,,,,,,,,,,5392.5
20161118,03:21:35.935,,,,,,,,,,,,,5382.8
20161118,03:21:35.935,,,,,,,,,,,,,5389.6
20161118,03:21:35.935,,,,,,,,,,,,,5379.9
20161118,03:21:36.953,,,,,,5327.1,,,,,,,
20161118,03:21:36.953,,,,,,,,,,,,,5385.9
20161118,03:21:36.953,,,,,,,,,,,,,5334.8
20161118,03:21:37.952,,,,,,5326.6,,,,,,,
20161118,03:21:37.952,,,,,,,,,,,,,5376.6
20161118,03:21:37.952,,,,,,,,,,,,,5382.8
20161118,03:21:38.955,,,,,,5327,,,,,,,
20161118,03:21:38.955,,,,,,,,,,,,,5373.4
20161118,03:21:38.955,,,,,,,,,,,,,5379.9
20161118,03:21:39.949,,,,,,,,,,,,,5369.9
20161118,03:21:40.949,,,,,,,,,,,,,5376.6
20161118,03:21:41.956,,,,,,,,,,,,,5367
20161118,03:21:41.956,,,,,,,,,,,,,5373.4
20161118,03:21:41.956,,,,,,,,,,,,,5363.5
20161118,03:21:42.952,,,,,,,,,,,,,5369.9
20161118,03:21:42.952,,,,,,,,,,,,,5360.8
20161118,03:21:43.953,,,,,,,,,,,,,5334.7
20161118,03:21:43.953,,,,,,,,,,,,,5367
20161118,03:21:43.953,,,,,,,,,,,,,5357.6
20161118,03:21:43.953,,,,,,,,,,,,,5363.5
20161118,03:21:44.954,,,,,,,,,,,,,5354.3
20161118,03:21:44.954,,,,,,,,,,,,,5360.8
20161118,03:21:45.958,,,,,,,,,,,,,5350.7
20161118,03:21:45.958,,,,,,,,,,,,,5357.6
20161118,03:21:45.958,,,,,,,,,,,,,5347.8
20161118,03:21:55.954,,,,,,,,,,,,,5334.8
20161118,03:21:55.954,,,,,,,,,,,,,5333.9
20161118,03:22:15.709,,,,,,,,,,,,,5335
20161118,03:22:16.711,,,,,,5330,,,,,,,
20161118,03:22:22.702,,,,,,,,,,,,,5333.9
20161118,03:22:22.702,,,,,,,,,,,,,5334.5
20161118,03:22:27.725,,,,,,,,,,,,,5334.5
20161118,03:22:27.725,,,,,,,,,,,,,5334.5
20161118,03:22:31.702,,,,,,,,,,,,,5334.4
20161118,03:22:33.708,,,,,,5329.6,,,,,,,
20161118,03:22:33.708,,,,,,,,,,,,,5334.5
20161118,03:22:33.708,,,,,,,,,,,,,5347.8
20161118,03:22:34.705,,,,,,5211.6,,,,,,,
20161118,03:22:34.705,,,,,,,,,,,,,5357.4
20161118,03:22:35.705,,,,,,,,,,,,,5334.4
20161118,03:22:35.705,,,,,,,,,,,,,5334.4
20161118,03:22:36.704,,,,,,5329.6,,,,,,,
20161118,03:22:36.704,,,,,,5211.6,,,,,,,
20161118,03:22:43.751,,,,,,,,,,,,,5335
20161118,03:22:43.751,,,,,,,,,,,,,5349.2
20161118,03:22:43.751,,,,,,,,,,,,,5349.9
20161118,03:22:44.754,,,,,,5329.8,,,,,,,
20161118,03:22:44.754,,,,,,5211.6,,,,,,,
20161118,03:22:48.765,,,,,,,,,,,,,5349.9
20161118,03:22:48.765,,,,,,,,,,,,,5349.2
20161118,03:22:48.765,,,,,,,,,,,,,5349.2
20161118,03:22:49.765,,,,,,,,,,,,,5360.5
20161118,03:22:49.765,,,,,,,,,,,,,5349.9
20161118,03:22:49.765,,,,,,,,,,,,,5360.5
20161118,03:22:53.814,,,,,,,,,,,,,5349.9
20161118,03:22:53.814,,,,,,,,,,,,,5349.2
20161118,03:23:00.833,,,,,,5329.8,,,,,,,
20161118,03:23:00.833,,,,,,5211.1,,,,,,,
20161118,03:23:04.832,,,,,,5329.4,,,,,,,
20161118,03:23:04.832,,,,,,5211.1,,,,,,,
20161118,03:23:06.847,,,,,,5329.4,,,,,,,
20161118,03:23:06.847,,,,,,5211.2,,,,,,,
20161118,03:23:08.835,,,,,,,,,,,,,5357.4
20161118,03:23:09.835,,,,,,,,,,,,,5347.9
20161118,03:23:33.827,,,,,,,,,,,,,5335.9
20161118,03:23:46.826,,,,,,5330,,,,,,,
20161118,03:23:50.830,,,,,,5327,,,,,,,
20161118,03:23:51.830,,,,,,5318,,,,,,,
20161118,03:24:09.075,,,,,,5318,,,,,,,
20161118,03:24:09.075,,,,,,5326.6,,,,,,,
20161118,03:24:13.082,,,,,,5326.6,,,,,,,
20161118,03:24:13.082,,,,,,5327,,,,,,,
20161118,03:24:35.079,,,,,,5329.8,,,,,,,
20161118,03:24:35.079,,,,,,,,,,,,,5347.9
20161118,03:24:36.084,,,,,,5211.2,,,,,,,
20161118,03:24:36.084,,,,,,,,,,,,,5357.4
20161118,03:24:38.095,,,,,,,,,,,,,5349.2
20161118,03:24:38.095,,,,,,,,,,,,,5349.9
20161118,03:24:38.095,,,,,,,,,,,,,5349.2
20161118,03:24:39.081,,,,,,,,,,,,,5349.9
20161118,03:24:39.081,,,,,,,,,,,,,5360.8
20161118,03:24:39.081,,,,,,,,,,,,,5360.8
20161118,03:24:48.106,,,,,,,,,,,,,5357.4
20161118,03:24:48.106,,,,,,,,,,,,,5347.6
20161118,03:24:49.081,,,,,,5329.8,,,,,,,
20161118,03:24:50.082,,,,,,5211.5,,,,,,,
20161118,03:25:06.087,,,,,,5329.9,,,,,,,
20161118,03:25:06.087,,,,,,,,,,,,,5347.6
20161118,03:25:06.087,,,,,,,,,,,,,5357.3
20161118,03:25:07.093,,,,,,5211.5,,,,,,,
20161118,03:25:10.083,,,,,,,,,,,,,5349.2
20161118,03:25:10.083,,,,,,,,,,,,,5349.9
20161118,03:25:13.089,,,,,,,,,,,,,5349.9
20161118,03:25:13.089,,,,,,,,,,,,,5349.2
20161118,03:25:40.590,,,,,,5327.1,,,,,,,
20161118,03:25:42.601,,,,,,,,,,,,,5357.3
20161118,03:25:43.612,,,,,,5329.9,,,,,,,
20161118,03:25:43.612,,,,,,5329.5,,,,,,,
20161118,03:25:43.612,,,,,,,,,,,,,5347.6
20161118,03:25:43.612,,,,,,,,,,,,,5347.6
20161118,03:25:44.631,,,,,,5329.5,,,,,,,
20161118,03:25:44.631,,,,,,5211.3,,,,,,,
20161118,03:25:44.631,,,,,,,,,,,,,5348
20161118,03:25:45.633,,,,,,5329.8,,,,,,,
20161118,03:25:45.633,,,,,,,,,,,,,5348
20161118,03:25:46.632,,,,,,5211.3,,,,,,,
20161118,03:25:46.632,,,,,,,,,,,,,5357.7
20161118,03:25:56.631,,,,,,,,,,,,,5357.7
20161118,03:25:56.631,,,,,,,,,,,,,5347.9
20161118,03:25:57.768,,,,,,5329.8,,,,,,,
20161118,03:25:57.768,,,,,,,,,,,,,5357.3
20161118,03:25:58.654,,,,,,5211.4,,,,,,,
20161118,03:25:58.654,,,,,,,,,,,,,5334.4
20161118,03:25:58.654,,,,,,,,,,,,,5332
20161118,03:26:00.638,,,,,,5329.7,,,,,,,
20161118,03:26:00.638,,,,,,5211.4,,,,,,,
20161118,03:26:00.638,,,,,,,,,,,,,5347.9
20161118,03:26:00.638,,,,,,,,,,,,,5361
20161118,03:26:04.632,,,,,,,,,,,,,5335
20161118,03:26:08.680,,,,,,,,,,,,,5361
20161118,03:26:09.684,,,,,,5329.7,,,,,,,
20161118,03:26:09.684,,,,,,5211.4,,,,,,,
20161118,03:26:09.684,,,,,,,,,,,,,5348
20161118,03:26:14.680,,,,,,5327,,,,,,,
20161118,03:26:14.680,,,,,,5326.5,,,,,,,
20161118,03:26:15.693,,,,,,,,,,,,,5335.9
20161118,03:26:32.760,,,,,,,,,,,,,5332
20161118,03:26:49.760,,,,,,5326.5,,,,,,,
20161118,03:26:49.760,,,,,,5318,,,,,,,
20161118,03:26:50.761,,,,,,5318,,,,,,,
20161118,03:26:51.761,,,,,,5326.5,,,,,,,
20161118,03:26:51.761,,,,,,5318,,,,,,,
20161118,03:26:51.761,,,,,,5326.5,,,,,,,
20161118,03:26:52.757,,,,,,5318,,,,,,,
20161118,03:26:52.757,,,,,,5326.5,,,,,,,
20161118,03:26:52.757,,,,,,,,,,,,,5357.3
20161118,03:26:53.773,,,,,,5318,,,,,,,
20161118,03:26:53.773,,,,,,5326.5,,,,,,,
20161118,03:26:53.773,,,,,,,,,,,,,5357.6
20161118,03:26:53.773,,,,,,,,,,,,,5357.6
20161118,03:26:54.761,,,,,,,,,,,,,5357.5
20161118,03:26:57.756,,,,,,,,,,,,,5331
20161118,03:26:58.768,,,,,,5318,,,,,,,
20161118,03:26:58.768,,,,,,5326.5,,,,,,,
20161118,03:27:02.763,,,,,,,,,,,,,5332
20161118,03:27:02.763,,,,,,,,,,,,,5330.9
20161118,03:27:15.759,,,,,,5326.5,,,,,,,
20161118,03:27:15.759,,,,,,,,,,,,,5357.5
20161118,03:27:16.759,,,,,,5326.3,,,,,,,
20161118,03:27:16.759,,,,,,5318,,,,,,,
20161118,03:27:16.759,,,,,,,,,,,,,5344.7
20161118,03:27:17.759,,,,,,5208.1,,,,,,,
20161118,03:27:47.759,,,,,,5326.8,,,,,,,
20161118,03:27:48.777,,,,,,5208.1,,,,,,,
20161118,03:27:48.777,,,,,,5318,,,,,,,
20161118,03:27:49.761,,,,,,5326.5,,,,,,,
20161118,03:27:49.761,,,,,,,,,,,,,5344.7
20161118,03:27:49.761,,,,,,,,,,,,,5357.2
20161118,03:27:52.763,,,,,,5326.5,,,,,,,
20161118,03:27:53.758,,,,,,5318,,,,,,,
20161118,03:27:53.758,,,,,,5326.5,,,,,,,
20161118,03:27:53.758,,,,,,5318,,,,,,,
20161118,03:28:06.765,,,,,,,,,,,,,5331
20161118,03:28:21.761,,,,,,,,,,,,,5330.9
20161118,03:28:21.761,,,,,,,,,,,,,5331.9
20161118,03:28:48.782,,,,,,5323,,,,,,,
20161118,03:28:48.782,,,,,,5327,,,,,,,
20161118,03:28:49.765,,,,,,5326.5,,,,,,,
20161118,03:28:49.765,,,,,,5327,,,,,,,
20161118,03:29:26.823,,,,,,5327,,,,,,,
20161118,03:29:26.823,,,,,,5327,,,,,,,
20161118,03:29:26.823,,,,,,5327,,,,,,,
20161118,03:29:27.825,,,,,,5327,,,,,,,
20161118,03:29:27.825,,,,,,,,,,,,,5360.5
20161118,03:29:28.826,,,,,,5318,,,,,,,
20161118,03:29:28.826,,,,,,5326.5,,,,,,,
20161118,03:29:28.826,,,,,,5318,,,,,,,
20161118,03:29:28.826,,,,,,,,,,,,,5360.5
20161118,03:29:29.813,,,,,,5326.5,,,,,,,
20161118,03:29:29.813,,,,,,,,,,,,,5360.9
20161118,03:29:29.813,,,,,,,,,,,,,5360.9
20161118,03:29:30.813,,,,,,5318,,,,,,,
20161118,03:29:30.813,,,,,,,,,,,,,5344.6
20161118,03:29:31.812,,,,,,5318,,,,,,,
20161118,03:29:31.812,,,,,,5326.5,,,,,,,
20161118,03:29:32.824,,,,,,5326.5,,,,,,,
20161118,03:29:32.824,,,,,,5326.8,,,,,,,
20161118,03:29:32.824,,,,,,5318,,,,,,,
20161118,03:29:33.816,,,,,,5208.2,,,,,,,
20161118,03:30:17.190,,,,,,,,,,,,,5349.2
20161118,03:30:17.190,,,,,,,,,,,,,5342.9
20161118,03:30:22.191,,,,,,,,,,,,,5357.2
20161118,03:30:22.191,,,,,,,,,,,,,5341.1
20161118,03:30:25.186,,,,,,5323.4,,,,,,,
20161118,03:30:25.186,,,,,,5204.7,,,,,,,
20161118,03:30:39.206,,,,,,5326.5,,,,,,,
20161118,03:30:40.189,,,,,,5326.5,,,,,,,
20161118,03:30:40.189,,,,,,,,,,,,,5326.5
20161118,03:30:44.192,,,,,,,,,,,,,5326.5
20161118,03:30:58.253,,,,,,5320,,,,,,,
20161118,03:30:59.261,,,,,,5318,,,,,,,
20161118,03:30:59.261,,,,,,5320,,,,,,,
20161118,03:31:11.318,,,,,,5318,,,,,,,
20161118,03:31:18.316,,,,,,,,,,,,,5330
20161118,03:31:27.082,,,,,,,,,,,,,5331.9
20161118,03:31:27.082,,,,,,,,,,,,,5329.9
20161118,03:31:34.113,,,,,,5323.3,,,,,,,
20161118,03:31:34.113,,,,,,,,,,,,,5341.1
20161118,03:31:34.113,,,,,,,,,,,,,5357.6
20161118,03:31:35.128,,,,,,5323.3,,,,,,,
20161118,03:31:35.128,,,,,,,,,,,,,5357.6
20161118,03:31:35.128,,,,,,,,,,,,,5341.4
20161118,03:31:36.128,,,,,,5323.3,,,,,,,
20161118,03:31:36.128,,,,,,,,,,,,,5341.4
20161118,03:31:36.128,,,,,,,,,,,,,5357.4
20161118,03:31:37.148,,,,,,5204.7,,,,,,,
20161118,03:31:38.146,,,,,,,,,,,,,5342.9
20161118,03:31:38.146,,,,,,,,,,,,,5357.4
20161118,03:31:39.159,,,,,,,,,,,,,5349.2
20161118,03:31:39.159,,,,,,,,,,,,,5357.3
20161118,03:31:54.188,,,,,,,,,,,,,5349.2
20161118,03:31:54.188,,,,,,,,,,,,,5342.9
20161118,03:31:57.192,,,,,,,,,,,,,5342.9
20161118,03:31:58.188,,,,,,,,,,,,,5349.2
20161118,03:32:04.196,,,,,,5326.4,,,,,,,
20161118,03:32:04.196,,,,,,5208.2,,,,,,,
20161118,03:32:12.197,,,,,,,,,,,,,5344.6
20161118,03:32:12.197,,,,,,,,,,,,,5360.8
20161118,03:32:24.188,,,,,,,,,,,,,5332
20161118,03:32:45.191,,,,,,5326.4,,,,,,,
20161118,03:32:45.191,,,,,,5208,,,,,,,
20161118,03:32:53.196,,,,,,5326.8,,,,,,,
20161118,03:32:54.186,,,,,,5208,,,,,,,
20161118,03:33:01.231,,,,,,5326.8,,,,,,,
20161118,03:33:01.231,,,,,,,,,,,,,5349
20161118,03:33:02.231,,,,,,,,,,,,,5364.2
20161118,03:33:02.231,,,,,,,,,,,,,5349.2
20161118,03:33:02.231,,,,,,,,,,,,,5364.2
20161118,03:33:03.276,,,,,,,,,,,,,5349.9
20161118,03:33:06.248,,,,,,5326.8,,,,,,,
20161118,03:33:06.248,,,,,,5207.8,,,,,,,
20161118,03:33:15.634,,,,,,,,,,,,,5329
20161118,03:33:18.678,,,,,,,,,,,,,5360.8
20161118,03:33:19.679,,,,,,5320,,,,,,,
20161118,03:33:19.679,,,,,,,,,,,,,5344.5
20161118,03:33:19.679,,,,,,,,,,,,,5360.8
20161118,03:33:20.713,,,,,,5320,,,,,,,
20161118,03:33:20.713,,,,,,5310,,,,,,,
20161118,03:33:26.740,,,,,,,,,,,,,5326.5
20161118,03:33:26.740,,,,,,,,,,,,,5349.9
20161118,03:33:26.740,,,,,,,,,,,,,5360.8
20161118,03:33:27.739,,,,,,,,,,,,,5342.9
20161118,03:33:28.751,,,,,,,,,,,,,5329.9
20161118,03:33:28.751,,,,,,,,,,,,,5328.9
20161118,03:33:28.751,,,,,,,,,,,,,5342.9
20161118,03:33:29.743,,,,,,,,,,,,,5349.9
20161118,03:33:46.746,,,,,,,,,,,,,5329
20161118,03:33:53.742,,,,,,,,,,,,,5326.5
20161118,03:34:04.745,,,,,,,,,,,,,5328
20161118,03:34:07.744,,,,,,5240,,,,,,,
20161118,03:34:11.740,,,,,,,,,,,,,5328.9
20161118,03:34:11.740,,,,,,,,,,,,,5327.9
20161118,03:34:15.743,,,,,,,,,,,,,5349.9
20161118,03:34:16.743,,,,,,,,,,,,,5342.9
20161118,03:34:17.744,,,,,,5323.3,,,,,,,
20161118,03:34:17.744,,,,,,5204.5,,,,,,,
20161118,03:34:20.752,,,,,,,,,,,,,5342.9
20161118,03:34:20.752,,,,,,,,,,,,,5349.9
20161118,03:34:37.747,,,,,,,,,,,,,5328
20161118,03:34:49.748,,,,,,,,,,,,,5349.9
20161118,03:34:49.748,,,,,,,,,,,,,5342.9
20161118,03:34:52.746,,,,,,5188,,,,,,,
20161118,03:34:52.746,,,,,,5155,,,,,,,
20161118,03:34:55.745,,,,,,,,,,,,,5342.9
20161118,03:34:55.745,,,,,,,,,,,,,5360.9
20161118,03:34:56.740,,,,,,5323.8,,,,,,,
20161118,03:34:56.740,,,,,,,,,,,,,5349.9
20161118,03:34:56.740,,,,,,,,,,,,,5360.9
20161118,03:34:57.749,,,,,,5204.5,,,,,,,
20161118,03:34:59.795,,,,,,5323.8,,,,,,,
20161118,03:35:00.767,,,,,,5323.8,,,,,,,
20161118,03:35:00.767,,,,,,,,,,,,,5361
20161118,03:35:01.768,,,,,,,,,,,,,5349.9
20161118,03:35:01.768,,,,,,,,,,,,,5342.9
20161118,03:35:01.768,,,,,,,,,,,,,5364.8
20161118,03:35:01.768,,,,,,,,,,,,,5349.9
20161118,03:35:02.757,,,,,,,,,,,,,5342.9
20161118,03:35:02.757,,,,,,,,,,,,,5364.8
20161118,03:35:02.757,,,,,,,,,,,,,5368.1
20161118,03:35:03.748,,,,,,5204.1,,,,,,,
20161118,03:35:03.748,,,,,,,,,,,,,5349.9
20161118,03:35:03.748,,,,,,,,,,,,,5342.9
20161118,03:35:04.753,,,,,,,,,,,,,5368.1
20161118,03:35:04.753,,,,,,,,,,,,,5371.7
20161118,03:35:04.753,,,,,,,,,,,,,5342.9
20161118,03:35:04.753,,,,,,,,,,,,,5349.9
20161118,03:35:05.750,,,,,,,,,,,,,5371.7
20161118,03:35:05.750,,,,,,,,,,,,,5375.7
20161118,03:35:05.750,,,,,,,,,,,,,5349.9
20161118,03:35:06.757,,,,,,,,,,,,,5342.9
20161118,03:35:06.757,,,,,,,,,,,,,5378.8
20161118,03:35:06.757,,,,,,,,,,,,,5375.7
20161118,03:35:07.751,,,,,,,,,,,,,5342.9
20161118,03:35:07.751,,,,,,,,,,,,,5349.9
20161118,03:35:07.751,,,,,,,,,,,,,5378.8
20161118,03:35:07.751,,,,,,,,,,,,,5382.5
20161118,03:35:08.757,,,,,,,,,,,,,5382.5
20161118,03:35:08.757,,,,,,,,,,,,,5361
20161118,03:35:09.753,,,,,,,,,,,,,5361.2
20161118,03:35:10.748,,,,,,5320.1,,,,,,,
20161118,03:35:14.746,,,,,,5324,,,,,,,
20161118,03:35:14.746,,,,,,5204.1,,,,,,,
20161118,03:35:15.756,,,,,,,,,,,,,5349.9
20161118,03:35:16.745,,,,,,5324,,,,,,,
20161118,03:35:16.745,,,,,,5204.5,,,,,,,
20161118,03:35:16.745,,,,,,,,,,,,,5342.9
20161118,03:35:17.786,,,,,,5320.1,,,,,,,
20161118,03:35:17.786,,,,,,,,,,,,,5329
20161118,03:35:17.786,,,,,,,,,,,,,5327.9
20161118,03:35:18.747,,,,,,,,,,,,,5364.7
20161118,03:35:28.743,,,,,,,,,,,,,5342.9
20161118,03:35:28.743,,,,,,,,,,,,,5364.7
20161118,03:35:28.743,,,,,,,,,,,,,5349.9
20161118,03:35:29.747,,,,,,,,,,,,,5349.9
20161118,03:35:29.747,,,,,,,,,,,,,5342.9
20161118,03:35:30.746,,,,,,,,,,,,,5349.9
20161118,03:35:30.746,,,,,,,,,,,,,5342.9
20161118,03:35:30.746,,,,,,,,,,,,,5364.6
20161118,03:35:30.746,,,,,,,,,,,,,5368
20161118,03:35:31.762,,,,,,,,,,,,,5368
20161118,03:35:31.762,,,,,,,,,,,,,5364.6
20161118,03:35:31.762,,,,,,,,,,,,,5329
20161118,03:35:32.748,,,,,,,,,,,,,5364.9
20161118,03:35:34.756,,,,,,,,,,,,,5349.9
20161118,03:35:34.756,,,,,,,,,,,,,5364.9
20161118,03:35:34.756,,,,,,,,,,,,,5342.9
20161118,03:35:35.741,,,,,,,,,,,,,5368.4
20161118,03:35:35.741,,,,,,,,,,,,,5371.7
20161118,03:35:35.741,,,,,,,,,,,,,5342.9
20161118,03:35:36.753,,,,,,5323.8,,,,,,,
20161118,03:35:36.753,,,,,,5204.5,,,,,,,
20161118,03:35:36.753,,,,,,,,,,,,,5371.7
20161118,03:35:37.764,,,,,,5323.8,,,,,,,
20161118,03:35:37.764,,,,,,,,,,,,,5349.9
20161118,03:35:37.764,,,,,,,,,,,,,5368.4
20161118,03:35:37.764,,,,,,,,,,,,,5349.9
20161118,03:35:38.755,,,,,,5204.4,,,,,,,
20161118,03:35:38.755,,,,,,,,,,,,,5342.9
20161118,03:35:38.755,,,,,,,,,,,,,5342.9
20161118,03:35:39.745,,,,,,,,,,,,,5349.9
20161118,03:35:39.745,,,,,,,,,,,,,5342.9
20161118,03:35:39.745,,,,,,,,,,,,,5349.9
20161118,03:35:40.754,,,,,,,,,,,,,5364.5
20161118,03:35:40.754,,,,,,,,,,,,,5368.2
20161118,03:35:40.754,,,,,,,,,,,,,5368.2
20161118,03:35:40.754,,,,,,,,,,,,,5342.9
20161118,03:35:41.757,,,,,,,,,,,,,5349.9
20161118,03:35:41.757,,,,,,,,,,,,,5368.3
20161118,03:35:41.757,,,,,,,,,,,,,5349.9
20161118,03:35:42.754,,,,,,5313.2,,,,,,,
20161118,03:35:42.754,,,,,,,,,,,,,5342.9
20161118,03:35:42.754,,,,,,,,,,,,,5368.3
20161118,03:35:42.754,,,,,,,,,,,,,5349.9
20161118,03:35:43.749,,,,,,5310,,,,,,,
20161118,03:35:43.749,,,,,,5313.2,,,,,,,
20161118,03:35:43.749,,,,,,,,,,,,,5342.9
20161118,03:35:43.749,,,,,,,,,,,,,5368.1
20161118,03:35:44.749,,,,,,5323.7,,,,,,,
20161118,03:35:44.749,,,,,,5204.4,,,,,,,
20161118,03:35:44.749,,,,,,,,,,,,,5368.1
20161118,03:35:45.747,,,,,,,,,,,,,5364.5
20161118,03:35:45.747,,,,,,,,,,,,,5364.6
20161118,03:35:49.748,,,,,,,,,,,,,5344.5
20161118,03:35:49.748,,,,,,,,,,,,,5368.3
20161118,03:35:56.746,,,,,,,,,,,,,5368.3
20161118,03:35:56.746,,,,,,,,,,,,,5344
20161118,03:35:57.743,,,,,,,,,,,,,5344
20161118,03:35:58.761,,,,,,,,,,,,,5368.2
20161118,03:36:01.830,,,,,,5323.8,,,,,,,
20161118,03:36:09.826,,,,,,,,,,,,,5368.2
20161118,03:36:10.840,,,,,,,,,,,,,5344.5
20161118,03:36:12.850,,,,,,,,,,,,,5334.6
20161118,03:36:16.871,,,,,,5323.7,,,,,,,
20161118,03:36:16.871,,,,,,5204.5,,,,,,,
20161118,03:36:19.871,,,,,,5323.7,,,,,,,
20161118,03:36:20.879,,,,,,5323.7,,,,,,,
20161118,03:36:22.876,,,,,,,,,,,,,5349.9
20161118,03:36:22.876,,,,,,,,,,,,,5364.6
20161118,03:36:23.878,,,,,,,,,,,,,5342.9
20161118,03:36:23.878,,,,,,,,,,,,,5342.9
20161118,03:36:23.878,,,,,,,,,,,,,5364.6
20161118,03:36:24.875,,,,,,,,,,,,,5342.9
20161118,03:36:24.875,,,,,,,,,,,,,5364.6
20161118,03:36:24.875,,,,,,,,,,,,,5349.9
20161118,03:36:25.874,,,,,,,,,,,,,5342.9
20161118,03:36:25.874,,,,,,,,,,,,,5364.3
20161118,03:36:25.874,,,,,,,,,,,,,5367.5
20161118,03:36:26.871,,,,,,5323.6,,,,,,,
20161118,03:36:26.871,,,,,,5323.8,,,,,,,
20161118,03:36:26.871,,,,,,5204.5,,,,,,,
20161118,03:36:26.871,,,,,,,,,,,,,5367.5
20161118,03:36:35.872,,,,,,,,,,,,,5349.9
20161118,03:36:36.872,,,,,,,,,,,,,5364.3
20161118,03:36:36.872,,,,,,,,,,,,,5342.9
20161118,03:36:36.872,,,,,,,,,,,,,5349.9
20161118,03:36:36.872,,,,,,,,,,,,,5342.9
20161118,03:36:37.874,,,,,,5308,,,,,,,
20161118,03:36:37.874,,,,,,,,,,,,,5364.1
20161118,03:36:37.874,,,,,,,,,,,,,5364.1
20161118,03:36:38.878,,,,,,5310,,,,,,,
20161118,03:36:38.878,,,,,,,,,,,,,5364.6
20161118,03:36:38.878,,,,,,,,,,,,,5349.9
20161118,03:36:39.878,,,,,,,,,,,,,5342.9
20161118,03:36:39.878,,,,,,,,,,,,,5364.6
20161118,03:36:39.878,,,,,,,,,,,,,5349.9
20161118,03:36:40.878,,,,,,,,,,,,,5342.9
20161118,03:36:40.878,,,,,,,,,,,,,5367.5
20161118,03:36:40.878,,,,,,,,,,,,,5370.8
20161118,03:36:41.883,,,,,,,,,,,,,5349.9
20161118,03:36:41.883,,,,,,,,,,,,,5342.9
20161118,03:36:41.883,,,,,,,,,,,,,5370.8
20161118,03:36:42.887,,,,,,,,,,,,,5367.5
20161118,03:36:43.873,,,,,,5313.2,,,,,,,
20161118,03:36:44.883,,,,,,5313.2,,,,,,,
20161118,03:36:44.883,,,,,,5300,,,,,,,
20161118,03:36:50.879,,,,,,,,,,,,,5342.9
20161118,03:36:50.879,,,,,,,,,,,,,5364.2
20161118,03:36:51.890,,,,,,,,,,,,,5349.9
20161118,03:36:51.890,,,,,,,,,,,,,5364.2
20161118,03:36:54.872,,,,,,,,,,,,,5370
20161118,03:37:01.897,,,,,,,,,,,,,5380
20161118,03:37:02.874,,,,,,,,,,,,,5358
20161118,03:37:02.874,,,,,,,,,,,,,5348
20161118,03:37:06.085,,,,,,,,,,,,,5428
20161118,03:37:10.125,,,,,,,,,,,,,5393.9
20161118,03:37:11.127,,,,,,,,,,,,,5383.9
20161118,03:37:12.150,,,,,,,,,,,,,5357.9
20161118,03:37:13.124,,,,,,,,,,,,,5379.9
20161118,03:37:14.122,,,,,,,,,,,,,5427
20161118,03:37:15.124,,,,,,,,,,,,,5394.4
20161118,03:37:15.124,,,,,,,,,,,,,5348
20161118,03:37:23.130,,,,,,,,,,,,,5349.2
20161118,03:37:25.122,,,,,,5248,,,,,,,
20161118,03:37:28.136,,,,,,,,,,,,,5349.9
20161118,03:37:28.136,,,,,,,,,,,,,5342.9
20161118,03:37:29.154,,,,,,5323.6,,,,,,,
20161118,03:37:29.154,,,,,,5204.6,,,,,,,
20161118,03:37:35.204,,,,,,,,,,,,,5335.9
20161118,03:37:36.214,,,,,,5323.3,,,,,,,
20161118,03:37:36.214,,,,,,5204.6,,,,,,,
20161118,03:37:40.272,,,,,,,,,,,,,5334.6
20161118,03:37:45.300,,,,,,,,,,,,,5347.9
20161118,03:37:55.298,,,,,,5323.3,,,,,,,
20161118,03:37:56.304,,,,,,5272,,,,,,,
20161118,03:37:56.304,,,,,,5204.7,,,,,,,
20161118,03:38:05.299,,,,,,,,,,,,,5342.9
20161118,03:38:05.299,,,,,,,,,,,,,5364.2
20161118,03:38:05.299,,,,,,,,,,,,,5349.2
20161118,03:38:06.299,,,,,,5323.3,,,,,,,
20161118,03:38:06.299,,,,,,5204.7,,,,,,,
20161118,03:38:06.299,,,,,,,,,,,,,5364.2
20161118,03:38:13.304,,,,,,5323.3,,,,,,,
20161118,03:38:14.306,,,,,,,,,,,,,5349.2
20161118,03:38:14.306,,,,,,,,,,,,,5342.9
20161118,03:38:15.303,,,,,,5204.5,,,,,,,
20161118,03:38:15.303,,,,,,,,,,,,,5341.3
20161118,03:38:15.303,,,,,,,,,,,,,5364.4
20161118,03:38:23.308,,,,,,,,,,,,,5341.3
20161118,03:38:24.299,,,,,,,,,,,,,5367.9
20161118,03:38:24.299,,,,,,,,,,,,,5367.9
20161118,03:38:25.310,,,,,,,,,,,,,5341.1
20161118,03:38:32.319,,,,,,,,,,,,,5329.9
20161118,03:38:34.309,,,,,,,,,,,,,5341.1
20161118,03:38:35.297,,,,,,5323.6,,,,,,,
20161118,03:38:35.297,,,,,,5204.5,,,,,,,
20161118,03:38:35.297,,,,,,,,,,,,,5367.7
20161118,03:38:35.297,,,,,,,,,,,,,5335.9
20161118,03:38:36.306,,,,,,,,,,,,,5342.9
20161118,03:38:36.306,,,,,,,,,,,,,5349.2
20161118,03:38:37.303,,,,,,,,,,,,,5344.5
20161118,03:38:37.303,,,,,,,,,,,,,5371.1
20161118,03:38:38.299,,,,,,5326.8,,,,,,,
20161118,03:38:39.299,,,,,,5207.8,,,,,,,
20161118,03:38:40.304,,,,,,,,,,,,,5329.9
20161118,03:38:43.327,,,,,,,,,,,,,5347.9
20161118,03:38:44.344,,,,,,,,,,,,,5349.2
20161118,03:38:44.344,,,,,,,,,,,,,5371.1
20161118,03:38:45.355,,,,,,,,,,,,,5349.9
20161118,03:38:45.355,,,,,,,,,,,,,5334.6
20161118,03:38:45.355,,,,,,,,,,,,,5370.7
20161118,03:38:54.391,,,,,,,,,,,,,5329.9
20161118,03:38:55.383,,,,,,,,,,,,,5329.9
20161118,03:38:56.381,,,,,,,,,,,,,5329.9
20161118,03:38:57.398,,,,,,,,,,,,,5330
20161118,03:38:57.398,,,,,,,,,,,,,5334.6
20161118,03:38:57.398,,,,,,,,,,,,,5334.7
20161118,03:38:58.391,,,,,,,,,,,,,5355
20161118,03:38:59.411,,,,,,,,,,,,,5348
20161118,03:39:00.426,,,,,,5329.4,,,,,,,
20161118,03:39:00.426,,,,,,5211.4,,,,,,,
20161118,03:39:00.426,,,,,,,,,,,,,5374.2
20161118,03:39:10.424,,,,,,5330,,,,,,,
20161118,03:39:12.623,,,,,,,,,,,,,5349.9
20161118,03:39:12.623,,,,,,,,,,,,,5354
20161118,03:39:20.673,,,,,,,,,,,,,5354
20161118,03:39:20.673,,,,,,,,,,,,,5349.9
20161118,03:39:21.674,,,,,,,,,,,,,5374.2
20161118,03:39:21.674,,,,,,,,,,,,,5354
20161118,03:39:21.674,,,,,,,,,,,,,5349.9
20161118,03:39:21.674,,,,,,,,,,,,,5377.7
20161118,03:39:22.719,,,,,,,,,,,,,5381.5
20161118,03:39:22.719,,,,,,,,,,,,,5381.5
20161118,03:39:22.719,,,,,,,,,,,,,5377.7
20161118,03:39:24.691,,,,,,,,,,,,,5354
20161118,03:39:24.691,,,,,,,,,,,,,5349.9
20161118,03:39:25.683,,,,,,,,,,,,,5354
20161118,03:39:25.683,,,,,,,,,,,,,5349.9
20161118,03:39:25.683,,,,,,,,,,,,,5374.5
20161118,03:39:26.673,,,,,,5329.4,,,,,,,
20161118,03:39:26.673,,,,,,,,,,,,,5354
20161118,03:39:26.673,,,,,,,,,,,,,5349.9
20161118,03:39:26.673,,,,,,,,,,,,,5374.5
20161118,03:39:27.675,,,,,,5210.8,,,,,,,
20161118,03:39:27.675,,,,,,,,,,,,,5349.9
20161118,03:39:27.675,,,,,,,,,,,,,5349.9
20161118,03:39:28.673,,,,,,,,,,,,,5374.3
20161118,03:39:28.673,,,,,,,,,,,,,5374.3
20161118,03:39:39.673,,,,,,5330,,,,,,,
20161118,03:39:41.674,,,,,,,,,,,,,5349.9
20161118,03:39:41.674,,,,,,,,,,,,,5354
20161118,03:39:44.675,,,,,,5327,,,,,,,
20161118,03:39:45.677,,,,,,5326.9,,,,,,,
20161118,03:39:46.678,,,,,,,,,,,,,5354
20161118,03:39:46.678,,,,,,,,,,,,,5349.9
20161118,03:39:47.680,,,,,,,,,,,,,5374.4
20161118,03:39:51.096,,,,,,5326.9,,,,,,,
20161118,03:39:53.131,,,,,,5327.1,,,,,,,
20161118,03:40:05.180,,,,,,,,,,,,,5349.9
20161118,03:40:05.180,,,,,,,,,,,,,5374.4
20161118,03:40:05.180,,,,,,,,,,,,,5354
20161118,03:40:07.180,,,,,,5330.1,,,,,,,
20161118,03:40:07.180,,,,,,5210.8,,,,,,,
20161118,03:40:10.175,,,,,,5327.1,,,,,,,
20161118,03:40:11.180,,,,,,,,,,,,,5355
20161118,03:40:11.180,,,,,,,,,,,,,5355
20161118,03:40:15.182,,,,,,5330.1,,,,,,,
20161118,03:40:15.182,,,,,,5211.2,,,,,,,
20161118,03:40:17.182,,,,,,5327.1,,,,,,,
20161118,03:40:18.181,,,,,,,,,,,,,5354
20161118,03:40:18.181,,,,,,,,,,,,,5349.9
20161118,03:40:19.184,,,,,,,,,,,,,5374.7
20161118,03:40:19.184,,,,,,,,,,,,,5349.9
20161118,03:40:20.181,,,,,,,,,,,,,5374.7
20161118,03:40:20.181,,,,,,,,,,,,,5354
20161118,03:40:20.181,,,,,,,,,,,,,5349.9
20161118,03:40:20.181,,,,,,,,,,,,,5354
20161118,03:40:21.181,,,,,,,,,,,,,5374.7
20161118,03:40:21.181,,,,,,,,,,,,,5374.7
20161118,03:40:21.181,,,,,,,,,,,,,5349.9
20161118,03:40:22.181,,,,,,,,,,,,,5349.9
20161118,03:40:22.181,,,,,,,,,,,,,5374.8
20161118,03:40:22.181,,,,,,,,,,,,,5349.9
20161118,03:40:23.202,,,,,,,,,,,,,5354
20161118,03:40:23.202,,,,,,,,,,,,,5374.8
20161118,03:40:23.202,,,,,,,,,,,,,5378.1
20161118,03:40:23.202,,,,,,,,,,,,,5378.1
20161118,03:40:24.176,,,,,,5327,,,,,,,
20161118,03:40:24.176,,,,,,,,,,,,,5354
20161118,03:40:24.176,,,,,,,,,,,,,5349.9
20161118,03:40:24.176,,,,,,,,,,,,,5349.9
20161118,03:40:25.176,,,,,,,,,,,,,5354
20161118,03:40:25.176,,,,,,,,,,,,,5349.9
20161118,03:40:25.176,,,,,,,,,,,,,5354
20161118,03:40:26.178,,,,,,,,,,,,,5374.6
20161118,03:40:26.178,,,,,,,,,,,,,5374.6
20161118,03:40:26.178,,,,,,,,,,,,,5374.3
20161118,03:40:27.180,,,,,,5327.2,,,,,,,
20161118,03:40:29.179,,,,,,5327.1,,,,,,,
20161118,03:40:30.178,,,,,,5327.3,,,,,,,
20161118,03:40:36.183,,,,,,5327.3,,,,,,,
20161118,03:40:36.183,,,,,,,,,,,,,5364.7
20161118,03:40:50.186,,,,,,5327.3,,,,,,,
20161118,03:40:50.186,,,,,,,,,,,,,5334.7
20161118,03:40:50.186,,,,,,,,,,,,,5334.7
20161118,03:40:51.189,,,,,,,,,,,,,5334.7
20161118,03:40:51.189,,,,,,,,,,,,,5334.7
20161118,03:40:52.185,,,,,,,,,,,,,5334.7
20161118,03:40:52.185,,,,,,,,,,,,,5349.9
20161118,03:40:52.185,,,,,,,,,,,,,5350.7
20161118,03:40:53.203,,,,,,5330,,,,,,,
20161118,03:40:53.203,,,,,,5211.2,,,,,,,
20161118,03:40:53.203,,,,,,,,,,,,,5354
20161118,03:40:54.175,,,,,,,,,,,,,5378
20161118,03:40:55.191,,,,,,,,,,,,,5334.7
20161118,03:40:57.179,,,,,,5327.3,,,,,,,
20161118,03:40:58.181,,,,,,5330.1,,,,,,,
20161118,03:41:01.180,,,,,,5327.2,,,,,,,
20161118,03:41:06.209,,,,,,,,,,,,,5334.9
20161118,03:41:07.187,,,,,,5330.2,,,,,,,
20161118,03:41:10.214,,,,,,5330.1,,,,,,,
20161118,03:41:11.229,,,,,,5330.3,,,,,,,
20161118,03:41:15.267,,,,,,,,,,,,,5334.9
20161118,03:41:15.267,,,,,,,,,,,,,5335
20161118,03:41:15.267,,,,,,,,,,,,,5335
20161118,03:41:22.272,,,,,,,,,,,,,5335.9
20161118,03:41:23.300,,,,,,5330.3,,,,,,,
20161118,03:41:23.300,,,,,,,,,,,,,5349
20161118,03:41:31.326,,,,,,,,,,,,,5342
20161118,03:41:34.367,,,,,,5330.3,,,,,,,
20161118,03:41:43.372,,,,,,,,,,,,,5349
20161118,03:41:55.853,,,,,,5330.2,,,,,,,
20161118,03:41:55.853,,,,,,5331,,,,,,,
20161118,03:41:56.848,,,,,,5330.3,,,,,,,
20161118,03:41:58.853,,,,,,5331.1,,,,,,,
20161118,03:42:00.852,,,,,,,,,,,,,5336.7
20161118,03:42:02.855,,,,,,,,,,,,,5336.7
20161118,03:42:04.854,,,,,,5331.1,,,,,,,
20161118,03:42:08.851,,,,,,,,,,,,,5336.8
20161118,03:42:13.886,,,,,,,,,,,,,5336.8
20161118,03:42:14.856,,,,,,,,,,,,,5349
20161118,03:42:23.872,,,,,,5331.1,,,,,,,
20161118,03:42:27.853,,,,,,,,,,,,,5342
20161118,03:42:37.856,,,,,,,,,,,,,5378
20161118,03:42:37.856,,,,,,,,,,,,,5350.6
20161118,03:42:40.853,,,,,,,,,,,,,5350.6
20161118,03:42:41.853,,,,,,,,,,,,,5378.1
20161118,03:42:42.891,,,,,,5330.2,,,,,,,
20161118,03:42:42.891,,,,,,,,,,,,,5336.9
20161118,03:42:43.995,,,,,,5300,,,,,,,
20161118,03:42:43.995,,,,,,5330.2,,,,,,,
20161118,03:42:45.900,,,,,,5330.2,,,,,,,
20161118,03:42:46.901,,,,,,5330.2,,,,,,,
20161118,03:42:46.901,,,,,,5300.1,,,,,,,
20161118,03:43:02.022,,,,,,,,,,,,,5354
20161118,03:43:03.021,,,,,,5333.8,,,,,,,
20161118,03:43:03.021,,,,,,,,,,,,,5354.3
20161118,03:43:03.021,,,,,,,,,,,,,5355.8
20161118,03:43:04.049,,,,,,5214.3,,,,,,,
20161118,03:43:04.049,,,,,,5331.1,,,,,,,
20161118,03:43:04.049,,,,,,,,,,,,,5381.9
20161118,03:43:04.049,,,,,,,,,,,,,5336.9
20161118,03:43:04.049,,,,,,,,,,,,,5355.8
20161118,03:43:04.049,,,,,,,,,,,,,5385.6
20161118,03:43:04.975,,,,,,,,,,,,,5388.9
20161118,03:43:04.975,,,,,,,,,,,,,5355.8
20161118,03:43:04.975,,,,,,,,,,,,,5388.9
20161118,03:43:06.094,,,,,,5333.9,,,,,,,
20161118,03:43:06.094,,,,,,,,,,,,,5336.9
20161118,03:43:06.094,,,,,,,,,,,,,5385.6
20161118,03:43:06.094,,,,,,,,,,,,,5336.9
20161118,03:43:07.005,,,,,,5336.9,,,,,,,
20161118,03:43:07.005,,,,,,,,,,,,,5336.9
20161118,03:43:07.005,,,,,,,,,,,,,5336.9
20161118,03:43:07.005,,,,,,,,,,,,,5336.9
20161118,03:43:09.026,,,,,,5331,,,,,,,
20161118,03:43:10.027,,,,,,5336.9,,,,,,,
20161118,03:43:10.027,,,,,,,,,,,,,5342
20161118,03:43:10.027,,,,,,,,,,,,,5342
20161118,03:43:16.093,,,,,,,,,,,,,5355.8
20161118,03:43:16.093,,,,,,,,,,,,,5358
20161118,03:43:16.093,,,,,,,,,,,,,5355.8
20161118,03:43:16.093,,,,,,,,,,,,,5358
20161118,03:43:17.090,,,,,,,,,,,,,5385.6
20161118,03:43:17.090,,,,,,,,,,,,,5389
20161118,03:43:17.090,,,,,,,,,,,,,5355.8
20161118,03:43:18.107,,,,,,5334,,,,,,,
20161118,03:43:18.107,,,,,,,,,,,,,5358
20161118,03:43:18.107,,,,,,,,,,,,,5389
20161118,03:43:18.107,,,,,,,,,,,,,5355.8
20161118,03:43:19.106,,,,,,,,,,,,,5358
20161118,03:43:19.106,,,,,,,,,,,,,5388.7
20161118,03:43:19.106,,,,,,,,,,,,,5355.8
20161118,03:43:19.106,,,,,,,,,,,,,5358
20161118,03:43:20.171,,,,,,,,,,,,,5388.7
20161118,03:43:20.171,,,,,,,,,,,,,5358
20161118,03:43:20.171,,,,,,,,,,,,,5355.8
20161118,03:43:21.114,,,,,,,,,,,,,5385.6
20161118,03:43:21.114,,,,,,,,,,,,,5355.8
20161118,03:43:21.114,,,,,,,,,,,,,5358
20161118,03:43:22.100,,,,,,,,,,,,,5358
20161118,03:43:22.100,,,,,,,,,,,,,5355.8
20161118,03:43:23.110,,,,,,5333.9,,,,,,,
20161118,03:43:24.164,,,,,,5334.1,,,,,,,
20161118,03:43:24.164,,,,,,,,,,,,,5355.8
20161118,03:43:24.164,,,,,,,,,,,,,5358
20161118,03:43:24.164,,,,,,,,,,,,,5355.8
20161118,03:43:24.164,,,,,,,,,,,,,5358
20161118,03:43:25.106,,,,,,,,,,,,,5385.3
20161118,03:43:25.106,,,,,,,,,,,,,5385.3
20161118,03:43:25.106,,,,,,,,,,,,,5355.8
20161118,03:43:26.126,,,,,,,,,,,,,5358
20161118,03:43:26.126,,,,,,,,,,,,,5385.4
20161118,03:43:26.126,,,,,,,,,,,,,5355.8
20161118,03:43:27.122,,,,,,,,,,,,,5358
20161118,03:43:27.122,,,,,,,,,,,,,5385.4
20161118,03:43:31.179,,,,,,,,,,,,,5341.9
20161118,03:43:35.216,,,,,,,,,,,,,5341.9
20161118,03:43:37.373,,,,,,,,,,,,,5355.8
20161118,03:43:37.373,,,,,,,,,,,,,5358
20161118,03:43:45.759,,,,,,5280,,,,,,,
20161118,03:43:49.625,,,,,,,,,,,,,5360
20161118,03:43:59.714,,,,,,,,,,,,,5358
20161118,03:43:59.714,,,,,,,,,,,,,5355.8
20161118,03:44:01.734,,,,,,,,,,,,,5355.8
20161118,03:44:01.734,,,,,,,,,,,,,5358
20161118,03:44:03.834,,,,,,,,,,,,,5358
20161118,03:44:04.852,,,,,,,,,,,,,5355.8
20161118,03:44:05.730,,,,,,5334,,,,,,,
20161118,03:44:06.734,,,,,,5334,,,,,,,
20161118,03:44:07.837,,,,,,5300.1,,,,,,,
20161118,03:44:07.837,,,,,,5310,,,,,,,
20161118,03:44:07.837,,,,,,,,,,,,,5360
20161118,03:44:07.837,,,,,,,,,,,,,5359.8
20161118,03:44:07.837,,,,,,,,,,,,,5355.8
20161118,03:44:08.732,,,,,,,,,,,,,5385.6
20161118,03:44:08.732,,,,,,,,,,,,,5388.9
20161118,03:44:08.732,,,,,,,,,,,,,5358
20161118,03:44:09.737,,,,,,,,,,,,,5388.9
20161118,03:44:09.737,,,,,,,,,,,,,5385.6
20161118,03:44:10.743,,,,,,,,,,,,,5358
20161118,03:44:10.743,,,,,,,,,,,,,5355.8
20161118,03:44:10.743,,,,,,,,,,,,,5355.8
20161118,03:44:11.842,,,,,,,,,,,,,5358
20161118,03:44:11.842,,,,,,,,,,,,,5355.8
20161118,03:44:11.842,,,,,,,,,,,,,5358
20161118,03:44:12.732,,,,,,,,,,,,,5385.6
20161118,03:44:12.732,,,,,,,,,,,,,5355.8
20161118,03:44:12.732,,,,,,,,,,,,,5358
20161118,03:44:13.732,,,,,,,,,,,,,5385.6
20161118,03:44:13.732,,,,,,,,,,,,,5355.8
20161118,03:44:13.732,,,,,,,,,,,,,5358
20161118,03:44:13.732,,,,,,,,,,,,,5385.3
20161118,03:44:14.856,,,,,,,,,,,,,5388.7
20161118,03:44:14.856,,,,,,,,,,,,,5388.7
20161118,03:44:14.856,,,,,,,,,,,,,5355.8
20161118,03:44:15.775,,,,,,,,,,,,,5358
20161118,03:44:15.775,,,,,,,,,,,,,5388.8
20161118,03:44:15.775,,,,,,,,,,,,,5341.9
20161118,03:44:15.775,,,,,,,,,,,,,5388.8
20161118,03:44:16.774,,,,,,,,,,,,,5358
20161118,03:44:16.774,,,,,,,,,,,,,5385.3
20161118,03:44:16.774,,,,,,,,,,,,,5355.8
20161118,03:44:18.783,,,,,,,,,,,,,5355.8
20161118,03:44:18.783,,,,,,,,,,,,,5358
20161118,03:44:18.783,,,,,,,,,,,,,5358
20161118,03:44:19.809,,,,,,,,,,,,,5355.8
20161118,03:44:19.809,,,,,,,,,,,,,5358
20161118,03:44:19.809,,,,,,,,,,,,,5355.8
20161118,03:44:20.809,,,,,,,,,,,,,5385.1
20161118,03:44:20.809,,,,,,,,,,,,,5385.1
20161118,03:44:24.834,,,,,,,,,,,,,5358
20161118,03:44:24.834,,,,,,,,,,,,,5355.8
20161118,03:44:29.859,,,,,,,,,,,,,5355.8
20161118,03:44:29.859,,,,,,,,,,,,,5385.4
20161118,03:44:29.859,,,,,,,,,,,,,5358
20161118,03:44:30.863,,,,,,,,,,,,,5385.4
20161118,03:44:35.856,,,,,,,,,,,,,5358
20161118,03:44:36.882,,,,,,,,,,,,,5355.8
20161118,03:44:41.858,,,,,,,,,,,,,5355.8
20161118,03:44:41.858,,,,,,,,,,,,,5358
20161118,03:44:42.861,,,,,,,,,,,,,5355.8
20161118,03:44:42.861,,,,,,,,,,,,,5358
20161118,03:44:42.861,,,,,,,,,,,,,5385.3
20161118,03:44:42.861,,,,,,,,,,,,,5385.3
20161118,03:44:45.856,,,,,,,,,,,,,5355.8
20161118,03:44:45.856,,,,,,,,,,,,,5358
20161118,03:44:47.860,,,,,,,,,,,,,5358
20161118,03:44:47.860,,,,,,,,,,,,,5355.8
20161118,03:45:02.119,,,,,,,,,,,,,5359.8
20161118,03:45:02.119,,,,,,,,,,,,,5390
20161118,03:45:09.111,,,,,,,,,,,,,5349.2
20161118,03:45:09.111,,,,,,,,,,,,,5349.2
20161118,03:45:12.109,,,,,,,,,,,,,5341.8
20161118,03:45:16.112,,,,,,5305,,,,,,,
20161118,03:45:20.113,,,,,,,,,,,,,5355
20161118,03:45:20.113,,,,,,,,,,,,,5359
20161118,03:45:21.114,,,,,,,,,,,,,5355.8
20161118,03:45:21.114,,,,,,,,,,,,,5358
20161118,03:45:24.106,,,,,,5338,,,,,,,
20161118,03:45:27.107,,,,,,,,,,,,,5364.7
20161118,03:45:27.107,,,,,,,,,,,,,5369.7
20161118,03:45:30.125,,,,,,5334.1,,,,,,,
20161118,03:45:31.141,,,,,,5338.1,,,,,,,
20161118,03:45:31.141,,,,,,5310,,,,,,,
20161118,03:45:31.141,,,,,,5308,,,,,,,
20161118,03:45:32.211,,,,,,5308,,,,,,,
20161118,03:45:32.211,,,,,,5310,,,,,,,
20161118,03:45:32.211,,,,,,,,,,,,,5341.8
20161118,03:45:35.223,,,,,,,,,,,,,5341.8
20161118,03:45:36.222,,,,,,,,,,,,,5341.8
20161118,03:45:36.222,,,,,,,,,,,,,5341.8
20161118,03:45:37.237,,,,,,,,,,,,,5341.8
20161118,03:45:37.237,,,,,,,,,,,,,5496
20161118,03:45:37.237,,,,,,,,,,,,,5396
20161118,03:45:38.262,,,,,,5338.1,,,,,,,
20161118,03:45:38.262,,,,,,5338,,,,,,,
20161118,03:45:39.249,,,,,,5310,,,,,,,
20161118,03:45:39.249,,,,,,5305,,,,,,,
20161118,03:45:40.269,,,,,,5334.1,,,,,,,
20161118,03:45:40.269,,,,,,,,,,,,,5341.8
20161118,03:45:40.269,,,,,,,,,,,,,5341.9
20161118,03:45:40.269,,,,,,,,,,,,,5342
20161118,03:45:41.270,,,,,,5305,,,,,,,
20161118,03:45:41.270,,,,,,5310,,,,,,,
20161118,03:45:42.274,,,,,,,,,,,,,5389
20161118,03:45:42.274,,,,,,,,,,,,,5342
20161118,03:45:43.289,,,,,,5334.3,,,,,,,
20161118,03:45:43.289,,,,,,,,,,,,,5342
20161118,03:45:43.289,,,,,,,,,,,,,5342
20161118,03:45:44.364,,,,,,5310,,,,,,,
20161118,03:45:44.364,,,,,,5334.3,,,,,,,
20161118,03:45:44.364,,,,,,,,,,,,,5343
20161118,03:45:46.332,,,,,,5334.3,,,,,,,
20161118,03:45:46.332,,,,,,5334.4,,,,,,,
20161118,03:45:47.334,,,,,,5334.1,,,,,,,
20161118,03:45:47.334,,,,,,,,,,,,,5399
20161118,03:45:48.327,,,,,,5334.5,,,,,,,
20161118,03:45:52.346,,,,,,5334.4,,,,,,,
20161118,03:45:52.346,,,,,,5334.6,,,,,,,
20161118,03:45:52.346,,,,,,,,,,,,,5342
20161118,03:45:53.343,,,,,,5334.3,,,,,,,
20161118,03:45:53.343,,,,,,5334.6,,,,,,,
20161118,03:45:54.358,,,,,,5337.1,,,,,,,
20161118,03:45:54.358,,,,,,5218.2,,,,,,,
20161118,03:45:54.358,,,,,,5334.5,,,,,,,
20161118,03:45:56.377,,,,,,5337.2,,,,,,,
20161118,03:45:57.393,,,,,,,,,,,,,5358
20161118,03:45:57.393,,,,,,,,,,,,,5357.3
20161118,03:45:58.405,,,,,,,,,,,,,5359.9
20161118,03:45:58.405,,,,,,,,,,,,,5385.4
20161118,03:45:58.405,,,,,,,,,,,,,5342
20161118,03:45:58.405,,,,,,,,,,,,,5419
20161118,03:46:03.412,,,,,,,,,,,,,5449
20161118,03:46:03.412,,,,,,,,,,,,,5343
20161118,03:46:04.413,,,,,,,,,,,,,5343
20161118,03:46:15.497,,,,,,,,,,,,,5359.9
20161118,03:46:16.473,,,,,,,,,,,,,5363.9
20161118,03:46:17.495,,,,,,,,,,,,,5363.9
20161118,03:46:17.495,,,,,,,,,,,,,5385.4
20161118,03:46:17.495,,,,,,,,,,,,,5359.9
20161118,03:46:18.504,,,,,,,,,,,,,5385.3
20161118,03:46:19.523,,,,,,5334,,,,,,,
20161118,03:46:20.545,,,,,,5334.6,,,,,,,
20161118,03:46:20.545,,,,,,,,,,,,,5349.9
20161118,03:46:20.545,,,,,,,,,,,,,5359.9
20161118,03:46:20.545,,,,,,,,,,,,,5363.9
20161118,03:46:20.545,,,,,,,,,,,,,5343
20161118,03:46:21.534,,,,,,5334.6,,,,,,,
20161118,03:46:21.534,,,,,,,,,,,,,5363.9
20161118,03:46:21.534,,,,,,,,,,,,,5359.9
20161118,03:46:22.539,,,,,,5305,,,,,,,
20161118,03:46:22.539,,,,,,5340.6,,,,,,,
20161118,03:46:22.539,,,,,,,,,,,,,5359.9
20161118,03:46:22.539,,,,,,,,,,,,,5389.2
20161118,03:46:23.532,,,,,,5221.2,,,,,,,
20161118,03:46:23.532,,,,,,,,,,,,,5363.9
20161118,03:46:23.532,,,,,,,,,,,,,5389.2
20161118,03:46:24.532,,,,,,5340.6,,,,,,,
20161118,03:46:24.532,,,,,,5337.2,,,,,,,
20161118,03:46:25.549,,,,,,5221.3,,,,,,,
20161118,03:46:26.576,,,,,,5337.2,,,,,,,
20161118,03:46:26.576,,,,,,,,,,,,,5343
20161118,03:46:26.576,,,,,,,,,,,,,5343
20161118,03:46:26.576,,,,,,,,,,,,,5343
20161118,03:46:27.533,,,,,,5343,,,,,,,
20161118,03:46:27.533,,,,,,,,,,,,,5343
20161118,03:46:27.533,,,,,,,,,,,,,5343
20161118,03:46:28.534,,,,,,5340.6,,,,,,,
20161118,03:46:28.534,,,,,,5221.3,,,,,,,
20161118,03:46:29.538,,,,,,5343,,,,,,,
20161118,03:46:29.538,,,,,,5343,,,,,,,
20161118,03:46:30.537,,,,,,5305,,,,,,,
20161118,03:46:30.537,,,,,,5337.2,,,,,,,
20161118,03:46:32.534,,,,,,5337.2,,,,,,,
20161118,03:46:33.535,,,,,,5343.1,,,,,,,
20161118,03:46:33.535,,,,,,5337.2,,,,,,,
20161118,03:46:33.535,,,,,,5310,,,,,,,
20161118,03:46:38.536,,,,,,,,,,,,,5349.9
20161118,03:46:38.536,,,,,,,,,,,,,5348.9
20161118,03:46:40.537,,,,,,5340.6,,,,,,,
20161118,03:46:40.537,,,,,,5221.2,,,,,,,
20161118,03:46:41.533,,,,,,5344,,,,,,,
20161118,03:46:44.544,,,,,,,,,,,,,5363.9
20161118,03:46:44.544,,,,,,,,,,,,,5359.9
20161118,03:46:45.567,,,,,,5343.1,,,,,,,
20161118,03:46:45.567,,,,,,,,,,,,,5347
20161118,03:46:46.534,,,,,,5344.1,,,,,,,
20161118,03:46:48.537,,,,,,,,,,,,,5348.5
20161118,03:46:49.539,,,,,,5343,,,,,,,
20161118,03:46:49.539,,,,,,,,,,,,,5359.9
20161118,03:46:49.539,,,,,,,,,,,,,5363.9
20161118,03:46:49.539,,,,,,,,,,,,,5385.3
20161118,03:46:50.539,,,,,,,,,,,,,5359.9
20161118,03:46:50.539,,,,,,,,,,,,,5363.9
20161118,03:46:50.539,,,,,,,,,,,,,5388.9
20161118,03:46:50.539,,,,,,,,,,,,,5348.9
20161118,03:46:50.539,,,,,,,,,,,,,5346.9
20161118,03:46:51.543,,,,,,,,,,,,,5392.3
20161118,03:46:51.543,,,,,,,,,,,,,5392.3
20161118,03:46:51.543,,,,,,,,,,,,,5388.9
20161118,03:46:52.532,,,,,,,,,,,,,5385.3
20161118,03:46:54.537,,,,,,,,,,,,,5359.9
20161118,03:46:54.537,,,,,,,,,,,,,5363.9
20161118,03:46:56.538,,,,,,,,,,,,,5363.9
20161118,03:46:56.538,,,,,,,,,,,,,5359.9
20161118,03:46:57.537,,,,,,5000,,,,,,,
20161118,03:47:04.539,,,,,,5344.1,,,,,,,
20161118,03:47:17.169,,,,,,,,,,,,,5359.9
20161118,03:47:17.169,,,,,,,,,,,,,5358
20161118,03:47:17.169,,,,,,,,,,,,,5357.4
20161118,03:47:17.169,,,,,,,,,,,,,5388.9
20161118,03:47:18.140,,,,,,5344,,,,,,,
20161118,03:47:18.140,,,,,,,,,,,,,5388.9
20161118,03:47:18.140,,,,,,,,,,,,,5346.9
20161118,03:47:18.140,,,,,,,,,,,,,5344
20161118,03:47:19.144,,,,,,5310,,,,,,,
20161118,03:47:19.144,,,,,,5305,,,,,,,
20161118,03:47:19.144,,,,,,,,,,,,,5385.3
20161118,03:47:20.149,,,,,,,,,,,,,5348.5
20161118,03:47:20.149,,,,,,,,,,,,,5344
20161118,03:47:21.159,,,,,,,,,,,,,5358
20161118,03:47:21.159,,,,,,,,,,,,,5357.4
20161118,03:47:21.159,,,,,,,,,,,,,5346.5
20161118,03:47:21.159,,,,,,,,,,,,,5359.9
20161118,03:47:21.159,,,,,,,,,,,,,5385.6
20161118,03:47:25.393,,,,,,,,,,,,,5349.2
20161118,03:47:27.172,,,,,,,,,,,,,5346.4
20161118,03:47:31.164,,,,,,,,,,,,,5359.9
20161118,03:47:31.164,,,,,,,,,,,,,5346.3
20161118,03:47:31.164,,,,,,,,,,,,,5358
20161118,03:47:33.168,,,,,,,,,,,,,5385.6
20161118,03:47:33.168,,,,,,,,,,,,,5357.4
20161118,03:47:35.165,,,,,,,,,,,,,5358
20161118,03:47:35.165,,,,,,,,,,,,,5357.4
20161118,03:47:35.165,,,,,,,,,,,,,5359.9
20161118,03:47:36.162,,,,,,,,,,,,,5385.5
20161118,03:47:36.162,,,,,,,,,,,,,5359.9
20161118,03:47:36.162,,,,,,,,,,,,,5357.8
20161118,03:47:36.162,,,,,,,,,,,,,5385.5
20161118,03:47:37.165,,,,,,,,,,,,,5346.4
20161118,03:47:37.165,,,,,,,,,,,,,5346.1
20161118,03:47:37.165,,,,,,,,,,,,,5358
20161118,03:47:39.158,,,,,,,,,,,,,5345
20161118,03:47:43.167,,,,,,,,,,,,,5345
20161118,03:47:43.167,,,,,,,,,,,,,5346.1
20161118,03:47:43.167,,,,,,,,,,,,,5344.9
20161118,03:47:45.159,,,,,,,,,,,,,5345
20161118,03:47:45.159,,,,,,,,,,,,,5343.5
20161118,03:47:45.159,,,,,,,,,,,,,5345
20161118,03:47:46.158,,,,,,5337.1,,,,,,,
20161118,03:47:46.158,,,,,,,,,,,,,5385
20161118,03:47:47.163,,,,,,5217.7,,,,,,,
20161118,03:47:49.157,,,,,,,,,,,,,5344.9
20161118,03:47:49.157,,,,,,,,,,,,,5343.4
20161118,03:47:57.175,,,,,,,,,,,,,5445
20161118,03:47:58.161,,,,,,,,,,,,,5357.7
20161118,03:48:11.159,,,,,,,,,,,,,5343.5
20161118,03:48:11.159,,,,,,,,,,,,,5343
20161118,03:48:21.162,,,,,,,,,,,,,5343.4
20161118,03:48:21.162,,,,,,,,,,,,,5342.9
20161118,03:48:28.160,,,,,,5278.5,,,,,,,
20161118,03:48:28.160,,,,,,5291.7,,,,,,,
20161118,03:48:29.160,,,,,,5333.9,,,,,,,
20161118,03:48:29.160,,,,,,,,,,,,,5343
20161118,03:48:29.160,,,,,,,,,,,,,5342.8
20161118,03:48:30.159,,,,,,5305,,,,,,,
20161118,03:48:30.159,,,,,,5310,,,,,,,
20161118,03:48:34.162,,,,,,,,,,,,,5342.9
20161118,03:48:34.162,,,,,,,,,,,,,5342.7
20161118,03:48:36.161,,,,,,,,,,,,,5342.8
20161118,03:48:36.161,,,,,,,,,,,,,5342.6
20161118,03:48:39.160,,,,,,,,,,,,,5342.7
20161118,03:48:39.160,,,,,,,,,,,,,5342.4
20161118,03:48:41.167,,,,,,,,,,,,,5342.6
20161118,03:48:41.167,,,,,,,,,,,,,5342.4
20161118,03:48:44.164,,,,,,,,,,,,,5342.4
20161118,03:48:44.164,,,,,,,,,,,,,5342
20161118,03:48:45.164,,,,,,5323,,,,,,,
20161118,03:48:46.166,,,,,,5310,,,,,,,
20161118,03:48:46.166,,,,,,5323,,,,,,,
20161118,03:48:48.164,,,,,,,,,,,,,5342
20161118,03:48:48.164,,,,,,,,,,,,,5340
20161118,03:48:54.161,,,,,,,,,,,,,5340
20161118,03:48:54.161,,,,,,,,,,,,,5338
20161118,03:48:56.161,,,,,,,,,,,,,5342.4
20161118,03:48:56.161,,,,,,,,,,,,,5339.9
20161118,03:48:56.161,,,,,,,,,,,,,5358
20161118,03:48:57.212,,,,,,,,,,,,,5354
20161118,03:48:57.212,,,,,,,,,,,,,5381.9
20161118,03:48:58.164,,,,,,,,,,,,,5354.2
20161118,03:48:58.164,,,,,,,,,,,,,5354
20161118,03:48:58.164,,,,,,,,,,,,,5378.1
20161118,03:48:58.164,,,,,,,,,,,,,5338
20161118,03:48:58.164,,,,,,,,,,,,,5342
20161118,03:48:59.164,,,,,,,,,,,,,5358
20161118,03:48:59.164,,,,,,,,,,,,,5358
20161118,03:48:59.164,,,,,,,,,,,,,5354
20161118,03:49:00.163,,,,,,,,,,,,,5378.4
20161118,03:49:00.163,,,,,,,,,,,,,5354
20161118,03:49:01.163,,,,,,,,,,,,,5358
20161118,03:49:02.163,,,,,,,,,,,,,5358
20161118,03:49:02.163,,,,,,,,,,,,,5378.4
20161118,03:49:03.169,,,,,,5333.8,,,,,,,
20161118,03:49:03.169,,,,,,5214,,,,,,,
20161118,03:49:03.169,,,,,,,,,,,,,5354
20161118,03:49:05.164,,,,,,,,,,,,,5342
20161118,03:49:05.164,,,,,,,,,,,,,5344
20161118,03:49:06.163,,,,,,5333.6,,,,,,,
20161118,03:49:06.163,,,,,,5214,,,,,,,
20161118,03:49:07.190,,,,,,,,,,,,,5339.9
20161118,03:49:07.190,,,,,,,,,,,,,5341.9
20161118,03:49:10.162,,,,,,5333.6,,,,,,,
20161118,03:49:10.162,,,,,,5214.1,,,,,,,
20161118,03:49:12.161,,,,,,5333.7,,,,,,,
20161118,03:49:12.161,,,,,,5214.1,,,,,,,
20161118,03:49:12.161,,,,,,,,,,,,,5344
20161118,03:49:12.161,,,,,,,,,,,,,5340
20161118,03:49:13.161,,,,,,5333.9,,,,,,,
20161118,03:49:14.164,,,,,,5323,,,,,,,
20161118,03:49:14.164,,,,,,5310,,,,,,,
20161118,03:49:17.165,,,,,,,,,,,,,5341.9
20161118,03:49:17.165,,,,,,,,,,,,,5339.9
20161118,03:49:18.163,,,,,,,,,,,,,5354
20161118,03:49:18.163,,,,,,,,,,,,,5358
20161118,03:49:24.164,,,,,,,,,,,,,5354.2
20161118,03:49:24.164,,,,,,,,,,,,,5378.4
20161118,03:49:30.173,,,,,,,,,,,,,5346
20161118,03:49:38.635,,,,,,,,,,,,,5390
20161118,03:49:38.635,,,,,,,,,,,,,5680
20161118,03:49:39.629,,,,,,,,,,,,,5346
20161118,03:49:40.630,,,,,,,,,,,,,5340
20161118,03:49:40.630,,,,,,,,,,,,,5344.9
20161118,03:49:42.651,,,,,,,,,,,,,5339.9
20161118,03:49:43.663,,,,,,5340,,,,,,,
20161118,03:49:43.663,,,,,,,,,,,,,5339.9
20161118,03:49:44.684,,,,,,5339.9,,,,,,,
20161118,03:49:48.692,,,,,,5339.9,,,,,,,
20161118,03:49:50.712,,,,,,,,,,,,,5347
20161118,03:49:51.707,,,,,,,,,,,,,5344.9
20161118,03:49:51.707,,,,,,,,,,,,,5343
20161118,03:49:51.707,,,,,,,,,,,,,5346.3
20161118,03:49:51.707,,,,,,,,,,,,,5344.8
20161118,03:49:57.736,,,,,,,,,,,,,5344.8
20161118,03:49:57.736,,,,,,,,,,,,,5342.9
20161118,03:50:02.712,,,,,,,,,,,,,5342.9
20161118,03:50:14.709,,,,,,,,,,,,,5349
20161118,03:50:15.719,,,,,,,,,,,,,5342.9
20161118,03:50:15.719,,,,,,,,,,,,,5343
20161118,03:50:19.759,,,,,,5333.8,,,,,,,
20161118,03:50:20.776,,,,,,5310,,,,,,,
20161118,03:50:20.776,,,,,,5323,,,,,,,
20161118,03:50:20.776,,,,,,,,,,,,,5349.8
20161118,03:50:21.829,,,,,,5337,,,,,,,
20161118,03:50:22.820,,,,,,5217.7,,,,,,,
20161118,03:50:22.820,,,,,,5340.1,,,,,,,
20161118,03:50:22.820,,,,,,,,,,,,,5344.9
20161118,03:50:23.819,,,,,,5323,,,,,,,
20161118,03:50:24.835,,,,,,5323,,,,,,,
20161118,03:50:24.835,,,,,,5337,,,,,,,
20161118,03:50:25.836,,,,,,5310,,,,,,,
20161118,03:50:25.836,,,,,,5336.9,,,,,,,
20161118,03:50:26.831,,,,,,5336.9,,,,,,,
20161118,03:50:26.831,,,,,,5217.7,,,,,,,
20161118,03:50:30.834,,,,,,5333.8,,,,,,,
20161118,03:50:30.834,,,,,,,,,,,,,5344.9
20161118,03:50:31.833,,,,,,5310,,,,,,,
20161118,03:50:31.833,,,,,,5305,,,,,,,
20161118,03:50:33.835,,,,,,5340.2,,,,,,,
20161118,03:50:38.837,,,,,,5340,,,,,,,
20161118,03:50:58.837,,,,,,5337.2,,,,,,,
20161118,03:50:59.841,,,,,,5217.7,,,,,,,
20161118,03:51:05.840,,,,,,5340.2,,,,,,,
20161118,03:51:08.837,,,,,,,,,,,,,5358
20161118,03:51:08.837,,,,,,,,,,,,,5357.8
20161118,03:51:09.838,,,,,,,,,,,,,5359.9
20161118,03:51:09.838,,,,,,,,,,,,,5381.8
20161118,03:51:15.836,,,,,,,,,,,,,5359.9
20161118,03:51:15.836,,,,,,,,,,,,,5358
20161118,03:51:15.836,,,,,,,,,,,,,5381.8
20161118,03:51:16.839,,,,,,,,,,,,,5357.3
20161118,03:51:20.839,,,,,,5340.1,,,,,,,
20161118,03:51:22.844,,,,,,5337.2,,,,,,,
20161118,03:51:22.844,,,,,,5217.8,,,,,,,
20161118,03:51:24.837,,,,,,5333.8,,,,,,,
20161118,03:51:24.837,,,,,,5336.9,,,,,,,
20161118,03:51:24.837,,,,,,5217.8,,,,,,,
20161118,03:51:25.847,,,,,,5337.3,,,,,,,
20161118,03:51:25.847,,,,,,5305,,,,,,,
20161118,03:51:25.847,,,,,,5333.8,,,,,,,
20161118,03:51:28.837,,,,,,5333.8,,,,,,,
20161118,03:51:28.837,,,,,,5337.3,,,,,,,
20161118,03:51:30.838,,,,,,5333.8,,,,,,,
20161118,03:51:44.133,,,,,,5337.3,,,,,,,
20161118,03:51:44.133,,,,,,5305,,,,,,,
20161118,03:51:44.133,,,,,,5337.3,,,,,,,
20161118,03:51:45.118,,,,,,5305,,,,,,,
20161118,03:51:45.118,,,,,,5337.3,,,,,,,
20161118,03:51:45.118,,,,,,,,,,,,,5344
20161118,03:51:46.136,,,,,,5310,,,,,,,
20161118,03:51:46.136,,,,,,5310,,,,,,,
20161118,03:51:46.136,,,,,,5305,,,,,,,
20161118,03:51:50.183,,,,,,5305,,,,,,,
20161118,03:51:51.200,,,,,,5337.3,,,,,,,
20161118,03:51:51.200,,,,,,5305,,,,,,,
20161118,03:51:51.200,,,,,,5337.3,,,,,,,
20161118,03:51:55.212,,,,,,,,,,,,,5378.4
20161118,03:51:56.215,,,,,,5336.9,,,,,,,
20161118,03:51:56.215,,,,,,5218.2,,,,,,,
20161118,03:51:56.215,,,,,,,,,,,,,5377.7
20161118,03:51:56.215,,,,,,,,,,,,,5354.2
20161118,03:52:17.215,,,,,,,,,,,,,5358
20161118,03:52:17.215,,,,,,,,,,,,,5354
20161118,03:52:19.217,,,,,,,,,,,,,5354
20161118,03:52:19.217,,,,,,,,,,,,,5358
20161118,03:52:20.218,,,,,,,,,,,,,5358
20161118,03:52:20.218,,,,,,,,,,,,,5354
20161118,03:52:21.217,,,,,,,,,,,,,5358
20161118,03:52:21.217,,,,,,,,,,,,,5354
20161118,03:52:21.217,,,,,,,,,,,,,5381.3
20161118,03:52:22.215,,,,,,,,,,,,,5381.3
